%% This BibTeX bibliography file was created using BibDesk.
%% http://bibdesk.sourceforge.net/

%% Created for terminus at 2020-02-23 20:21:41 +0100 


%% Saved with string encoding Unicode (UTF-8) 



@article{CostelloYagi,
	Archiveprefix = {arXiv},
	Author = {Costello, Kevin and Yagi, Junya},
	Date-Added = {2020-02-23 20:21:01 +0100},
	Date-Modified = {2020-02-23 20:21:41 +0100},
	Eprint = {1810.01970},
	Primaryclass = {hep-th},
	Title = {Unification of integrability in supersymmetric gauge theories},
	Year = {2018}}

@article{CostelloLiAnomaly,
	Archiveprefix = {arXiv},
	Author = {Costello, Kevin and Li, Si},
	Date-Added = {2020-02-23 20:13:54 +0100},
	Date-Modified = {2020-02-23 20:14:33 +0100},
	Eprint = {1905.09269},
	Primaryclass = {hep-th},
	Title = {Anomaly cancellation in the topological string},
	Year = {2019}}

@article{BaulieuTanzini,
	Archiveprefix = {arXiv},
	Author = {Baulieu, Laurent and Tanzini, Alessandro},
	Date-Added = {2020-02-23 20:10:42 +0100},
	Date-Modified = {2020-02-23 20:11:02 +0100},
	Doi = {10.1016/j.geomphys.2005.12.006},
	Eprint = {hep-th/0412014},
	Fjournal = {Journal of Geometry and Physics},
	Issn = {0393-0440},
	Journal = {J. Geom. Phys.},
	Mrclass = {81T45 (53C80 81T60)},
	Mrnumber = {2248879},
	Number = {11},
	Pages = {2379--2401},
	Title = {Topological symmetry of forms, {$N=1$} supersymmetry and {$S$}-duality on special manifolds},
	Volume = {56},
	Year = {2006},
	Bdsk-Url-1 = {https://doi.org/10.1016/j.geomphys.2005.12.006}}

@article{CGMRS,
	Archiveprefix = {arXiv},
	Author = {Cieliebak, Kai and Gaio, A. Rita and Mundet i Riera, Ignasi and Salamon, Dietmar A.},
	Date-Added = {2020-02-19 16:23:41 -0800},
	Date-Modified = {2020-02-19 16:24:14 -0800},
	Eprint = {math/0111176},
	Fjournal = {The Journal of Symplectic Geometry},
	Issn = {1527-5256},
	Journal = {J. Symplectic Geom.},
	Mrclass = {53D45 (53D20 57R57 57S25)},
	Mrnumber = {1959059},
	Mrreviewer = {Klaus Mohnke},
	Number = {3},
	Pages = {543--645},
	Title = {The symplectic vortex equations and invariants of {H}amiltonian group actions},
	Volume = {1},
	Year = {2002},
	Bdsk-Url-1 = {http://projecteuclid.org/euclid.jsg/1092403032}}

@article{KallenQiuZabzine,
	Archiveprefix = {arXiv},
	Author = {K\"{a}ll\'{e}n, Johan and Qiu, Jian and Zabzine, Maxim},
	Date-Added = {2020-02-19 15:33:10 -0800},
	Date-Modified = {2020-02-19 15:34:06 -0800},
	Doi = {10.1016/j.geomphys.2012.10.010},
	Eprint = {1011.2101},
	Fjournal = {Journal of Geometry and Physics},
	Issn = {0393-0440},
	Journal = {J. Geom. Phys.},
	Mrclass = {81T45 (57R20 57R56)},
	Mrnumber = {3004026},
	Mrreviewer = {Ryan E. Grady},
	Pages = {222--242},
	Primaryclass = {hep-th},
	Title = {Equivariant {R}ozansky-{W}itten classes and {TFT}s},
	Volume = {64},
	Year = {2013},
	Bdsk-Url-1 = {https://doi.org/10.1016/j.geomphys.2012.10.010}}

@article{BZGN,
	Archiveprefix = {arXiv},
	Author = {Ben-Zvi, David and Gunningham, Sam and Nadler, David},
	Date-Added = {2020-02-19 14:25:04 -0800},
	Date-Modified = {2020-02-19 14:26:04 -0800},
	Eprint = {1705.04266},
	Primaryclass = {math.QA},
	Title = {The character field theory and homology of character varieties},
	Year = {2017}}

@article{BFN,
	Archiveprefix = {arXiv},
	Author = {Braverman, Alexander and Finkelberg, Michael and Nakajima, Hiraku},
	Date-Added = {2020-02-19 12:08:44 -0800},
	Date-Modified = {2020-02-19 12:23:48 -0800},
	Doi = {10.4310/ATMP.2018.v22.n5.a1},
	Eprint = {1601.03586},
	Fjournal = {Advances in Theoretical and Mathematical Physics},
	Issn = {1095-0761},
	Journal = {Adv. Theor. Math. Phys.},
	Mrclass = {57R57 (14J33 14N35 16G20 17B67 81T13)},
	Mrnumber = {3952347},
	Number = {5},
	Pages = {1071--1147},
	Primaryclass = {math.RT},
	Title = {Towards a mathematical definition of {C}oulomb branches of 3-dimensional {$\mathcal{N}=4$} gauge theories, {II}},
	Volume = {22},
	Year = {2018},
	Bdsk-Url-1 = {https://doi.org/10.4310/ATMP.2018.v22.n5.a1}}

@article{Ohta,
	Archiveprefix = {arXiv},
	Author = {Ohta, Y\H{u}ji},
	Date-Added = {2020-02-19 11:58:29 -0800},
	Date-Modified = {2020-02-19 11:58:54 -0800},
	Doi = {10.1023/A:1026689017968},
	Eprint = {hep-th/9611120},
	Fjournal = {International Journal of Theoretical Physics},
	Issn = {0020-7748},
	Journal = {Internat. J. Theoret. Phys.},
	Mrclass = {58D29 (57R57 81T70)},
	Mrnumber = {1624281},
	Mrreviewer = {Marcos Mari\~{n}o},
	Number = {3},
	Pages = {925--955},
	Title = {Topological field theories associated with three-dimensional {S}eiberg-{W}itten monopoles},
	Volume = {37},
	Year = {1998},
	Bdsk-Url-1 = {https://doi.org/10.1023/A:1026689017968}}

@article{BaulieuGrossman,
	Author = {Baulieu, L. and Grossman, B.},
	Date-Added = {2020-02-19 11:54:38 -0800},
	Date-Modified = {2020-02-19 11:54:44 -0800},
	Doi = {10.1016/0370-2693(88)91473-6},
	Fjournal = {Physics Letters. B. Particle Physics, Nuclear Physics and Cosmology},
	Issn = {0370-2693},
	Journal = {Phys. Lett. B},
	Mrclass = {57R19 (53C05 57R22 58E15 81E13)},
	Mrnumber = {968815},
	Mrreviewer = {Roger Brooks},
	Number = {2},
	Pages = {223--228},
	Title = {Monopoles and topological field theory},
	Volume = {214},
	Year = {1988},
	Bdsk-Url-1 = {https://doi.org/10.1016/0370-2693(88)91473-6}}

@article{ChanLeungLi,
	Archiveprefix = {arXiv},
	Author = {Chan, Kwokwai and Leung, Naichung Conan and Li, Qin},
	Date-Added = {2020-02-18 22:30:33 -0800},
	Date-Modified = {2020-02-18 22:31:07 -0800},
	Doi = {10.1007/s00220-017-2924-8},
	Eprint = {1502.03510},
	Fjournal = {Comm. Math. Phys.},
	Issn = {0010-3616},
	Journal = {Comm. Math. Phys.},
	Mrclass = {53D50 (81T20)},
	Mrnumber = {3670730},
	Mrreviewer = {Yisong Yang},
	Number = {1},
	Pages = {97--144},
	Primaryclass = {math.QA},
	Title = {B{V} quantization of the {R}ozansky-{W}itten model},
	Volume = {355},
	Year = {2017},
	Bdsk-Url-1 = {https://doi.org/10.1007/s00220-017-2924-8}}

@article{GradyLiLi,
	Archiveprefix = {arXiv},
	Author = {Grady, Ryan E. and Li, Qin and Li, Si},
	Date-Added = {2020-02-18 22:29:20 -0800},
	Date-Modified = {2020-02-18 22:29:58 -0800},
	Doi = {10.1016/j.aim.2017.07.007},
	Eprint = {1507.01812},
	Fjournal = {Advances in Mathematics},
	Issn = {0001-8708},
	Journal = {Adv. Math.},
	Mrclass = {53D55 (58J20 81Q30 81T15)},
	Mrnumber = {3682678},
	Mrreviewer = {Andrea D'Agnolo},
	Pages = {575--639},
	Primaryclass = {math.QA},
	Title = {Batalin-{V}ilkovisky quantization and the algebraic index},
	Volume = {317},
	Year = {2017},
	Bdsk-Url-1 = {https://doi.org/10.1016/j.aim.2017.07.007}}

@inproceedings{CostelloWittengenus,
	Archiveprefix = {arXiv},
	Author = {Costello, Kevin},
	Booktitle = {Proceedings of the {I}nternational {C}ongress of {M}athematicians. {V}olume {II}},
	Date-Added = {2020-02-18 22:28:19 -0800},
	Date-Modified = {2020-02-18 22:28:58 -0800},
	Eprint = {1006.5422},
	Mrclass = {58J26 (16E40 53D55 81T40)},
	Mrnumber = {2827826},
	Mrreviewer = {Domenico Fiorenza},
	Pages = {942--959},
	Primaryclass = {math.QA},
	Publisher = {Hindustan Book Agency, New Delhi},
	Title = {A geometric construction of the {W}itten genus, {I}},
	Year = {2010}}

@article{HaydysDirac,
	Archiveprefix = {arXiv},
	Author = {Haydys, Andriy},
	Date-Added = {2020-02-15 20:19:28 -0800},
	Date-Modified = {2020-02-15 20:19:57 -0800},
	Doi = {10.1007/s00220-008-0445-1},
	Eprint = {0706.0389},
	Fjournal = {Comm. Math. Phys.},
	Issn = {0010-3616},
	Journal = {Comm. Math. Phys.},
	Mrclass = {53C26 (30G35 35Q40 53C27 58J60)},
	Mrnumber = {2403610},
	Mrreviewer = {Florentino Garc\'{\i}a Santos},
	Number = {1},
	Pages = {251--261},
	Primaryclass = {math.DG},
	Title = {Nonlinear {D}irac operator and quaternionic analysis},
	Volume = {281},
	Year = {2008},
	Bdsk-Url-1 = {https://doi.org/10.1007/s00220-008-0445-1}}

@article{Pidstrigach,
	Author = {Pidstrigach, V. Ya.},
	Date-Added = {2020-02-14 16:07:27 -0800},
	Date-Modified = {2020-02-14 16:07:32 -0800},
	Fjournal = {Trudy Matematicheskogo Instituta Imeni V. A. Steklova},
	Issn = {0371-9685},
	Journal = {Tr. Mat. Inst. Steklova},
	Mrclass = {53C26 (57R57)},
	Mrnumber = {2101297},
	Mrreviewer = {Klaus Mohnke},
	Number = {Algebr. Geom. Metody, Svyazi i Prilozh.},
	Pages = {263--276},
	Title = {Hyper-{K}\"{a}hler manifolds and the {S}eiberg-{W}itten equations},
	Volume = {246},
	Year = {2004}}

@article{AnselmiFre,
	Archiveprefix = {arXiv},
	Author = {Anselmi, Damiano and Fr\'{e}, Pietro},
	Date-Added = {2020-02-14 11:17:19 -0800},
	Date-Modified = {2020-02-14 11:17:46 -0800},
	Doi = {10.1016/0550-3213(94)90585-1},
	Eprint = {hep-th/9306080},
	Fjournal = {Nuclear Physics. B. Theoretical, Phenomenological, and Experimental High Energy Physics. Quantum Field Theory and Statistical Systems},
	Issn = {0550-3213},
	Journal = {Nuclear Phys. B},
	Mrclass = {53C25 (53C80 58D27 81T60 81T70)},
	Mrnumber = {1272647},
	Mrreviewer = {Krzysztof Galicki},
	Number = {1},
	Pages = {255--300},
	Title = {Topological {$\sigma$}-models in four dimensions and triholomorphic maps},
	Volume = {416},
	Year = {1994},
	Bdsk-Url-1 = {https://doi.org/10.1016/0550-3213(94)90585-1}}

@article{Haydys,
	Archiveprefix = {arXiv},
	Author = {Haydys, Andriy},
	Date-Added = {2020-02-14 09:46:25 -0800},
	Date-Modified = {2020-02-14 09:46:47 -0800},
	Doi = {10.4310/JSG.2015.v13.n1.a5},
	Eprint = {1010.2353},
	Fjournal = {The Journal of Symplectic Geometry},
	Issn = {1527-5256},
	Journal = {J. Symplectic Geom.},
	Mrclass = {53D37},
	Mrnumber = {3338833},
	Mrreviewer = {Hai-Long Her},
	Number = {1},
	Pages = {151--207},
	Primaryclass = {math.SG},
	Title = {Fukaya-{S}eidel category and gauge theory},
	Volume = {13},
	Year = {2015},
	Bdsk-Url-1 = {https://doi.org/10.4310/JSG.2015.v13.n1.a5}}

@article{WittenFivebranes,
	Archiveprefix = {arXiv},
	Author = {Witten, Edward},
	Date-Added = {2020-02-14 09:45:18 -0800},
	Date-Modified = {2020-02-14 09:45:44 -0800},
	Doi = {10.4171/QT/26},
	Eprint = {1101.3216},
	Fjournal = {Quantum Topology},
	Issn = {1663-487X},
	Journal = {Quantum Topol.},
	Mrclass = {81T45 (57M27 57R56 81T60)},
	Mrnumber = {2852941},
	Mrreviewer = {Piotr Su\l kowski},
	Number = {1},
	Pages = {1--137},
	Primaryclass = {hep-th},
	Title = {Fivebranes and knots},
	Volume = {3},
	Year = {2012},
	Bdsk-Url-1 = {https://doi.org/10.4171/QT/26}}

@article{Thomas,
	Archiveprefix = {arXiv},
	Author = {Thomas, R. P.},
	Date-Added = {2020-02-13 21:37:51 -0800},
	Date-Modified = {2020-02-13 21:39:55 -0800},
	Eprint = {math/9806111},
	Fjournal = {Journal of Differential Geometry},
	Issn = {0022-040X},
	Journal = {J. Differential Geom.},
	Mrclass = {14J32 (14J60 32J17 32Q25)},
	Mrnumber = {1818182},
	Mrreviewer = {Bal\'{a}zs Szendr\H{o}i},
	Number = {2},
	Pages = {367--438},
	Title = {A holomorphic {C}asson invariant for {C}alabi-{Y}au 3-folds, and bundles on {$K3$} fibrations},
	Volume = {54},
	Year = {2000},
	Bdsk-Url-1 = {http://projecteuclid.org/euclid.jdg/1214341649}}

@incollection{DonaldsonSegal,
	Archiveprefix = {arXiv},
	Author = {Donaldson, Simon and Segal, Ed},
	Booktitle = {Surveys in differential geometry. {V}olume {XVI}. {G}eometry of special holonomy and related topics},
	Date-Added = {2020-02-13 16:15:56 -0800},
	Date-Modified = {2020-02-13 16:16:34 -0800},
	Doi = {10.4310/SDG.2011.v16.n1.a1},
	Eprint = {0902.3239},
	Mrclass = {53C07 (14J32 53C38 53D12 57R58 58D27)},
	Mrnumber = {2893675},
	Mrreviewer = {Andrew Swann},
	Pages = {1--41},
	Primaryclass = {math.DG},
	Publisher = {Int. Press, Somerville, MA},
	Series = {Surv. Differ. Geom.},
	Title = {Gauge theory in higher dimensions, {II}},
	Volume = {16},
	Year = {2011},
	Bdsk-Url-1 = {https://doi.org/10.4310/SDG.2011.v16.n1.a1}}

@phdthesis{Lewis,
	Author = {Lewis, Christopher},
	Date-Added = {2020-02-13 15:42:10 -0800},
	Date-Modified = {2020-02-13 15:43:08 -0800},
	School = {Oxford University},
	Title = {$Spin(7)$ instantons},
	Year = {1998}}

@incollection{DonaldsonThomas,
	Author = {Donaldson, S. K. and Thomas, R. P.},
	Booktitle = {The geometric universe ({O}xford, 1996)},
	Date-Added = {2020-02-13 14:20:32 -0800},
	Date-Modified = {2020-02-13 14:20:36 -0800},
	Mrclass = {57R57 (14J32 32J18 53C07 57R58 58D27)},
	Mrnumber = {1634503},
	Mrreviewer = {Krzysztof Galicki},
	Pages = {31--47},
	Publisher = {Oxford Univ. Press, Oxford},
	Title = {Gauge theory in higher dimensions},
	Year = {1998}}

@article{ReyesCarrion,
	Author = {Reyes Carri\'{o}n, Ram\'{o}n},
	Date-Added = {2020-02-13 14:15:47 -0800},
	Date-Modified = {2020-02-13 14:15:53 -0800},
	Doi = {10.1016/S0926-2245(97)00013-2},
	Fjournal = {Differential Geometry and its Applications},
	Issn = {0926-2245},
	Journal = {Differential Geom. Appl.},
	Mrclass = {53C07 (58C25 58G05)},
	Mrnumber = {1601546},
	Mrreviewer = {Luis Ugarte},
	Number = {1},
	Pages = {1--20},
	Title = {A generalization of the notion of instanton},
	Volume = {8},
	Year = {1998},
	Bdsk-Url-1 = {https://doi.org/10.1016/S0926-2245(97)00013-2}}

@article{SWSuperconformal,
	Archiveprefix = {arXiv},
	Author = {Saberi, Ingmar and Williams, Brian},
	Date-Added = {2020-02-13 12:02:53 -0800},
	Date-Modified = {2020-02-13 12:03:34 -0800},
	Eprint = {1910.04120},
	Primaryclass = {math-ph},
	Title = {Superconformal algebras and holomorphic field theories},
	Year = {2019}}

@article{PridhamFMP,
	Archiveprefix = {arXiv},
	Author = {Pridham, J. P.},
	Date-Added = {2020-02-06 11:56:47 -0800},
	Date-Modified = {2020-02-06 11:57:30 -0800},
	Doi = {10.1016/j.aim.2009.12.009},
	Eprint = {0705.0344},
	Fjournal = {Advances in Mathematics},
	Issn = {0001-8708},
	Journal = {Adv. Math.},
	Mrclass = {14B12 (16E35)},
	Mrnumber = {2628795},
	Mrreviewer = {Eivind Eriksen},
	Number = {3},
	Pages = {772--826},
	Primaryclass = {math.AG},
	Title = {Unifying derived deformation theories},
	Volume = {224},
	Year = {2010},
	Bdsk-Url-1 = {https://doi.org/10.1016/j.aim.2009.12.009}}

@unpublished{DAGX,
	Author = {Lurie, Jacob},
	Date-Added = {2020-02-06 11:50:41 -0800},
	Date-Modified = {2020-02-06 11:51:33 -0800},
	Title = {Derived Algebraic Geometry X: Formal Moduli Problems},
	Url = {https://www.math.ias.edu/~lurie/papers/DAG-X.pdf},
	Year = {2011},
	Bdsk-Url-1 = {https://www.math.ias.edu/~lurie/papers/DAG-X.pdf}}

@incollection{Toen,
	Author = {To{\"{e}}n, Bertrand},
	Date-Added = {2020-02-06 11:49:44 -0800},
	Date-Modified = {2020-02-12 09:16:30 -0800},
	Fjournal = {Ast\'{e}risque},
	Isbn = {978-2-85629-855-8},
	Issn = {0303-1179},
	Journal = {Ast\'{e}risque},
	Mrclass = {14B12 (14F05 18F05 18G99)},
	Mrnumber = {3666027},
	Mrreviewer = {Montserrat Teixidor i Bigas},
	Note = {S\'{e}minaire Bourbaki. Vol. 2015/2016. Expos\'{e}s 1104--1119},
	Number = {390},
	Pages = {Exp. No. 1111, 199--244},
	Title = {Probl\`emes de modules formels},
	Year = {2017}}

@article{KugoTownsend,
	Author = {Kugo, Taichiro and Townsend, Paul},
	Date-Added = {2020-02-04 05:27:54 -0800},
	Date-Modified = {2020-02-04 05:28:01 -0800},
	Doi = {10.1016/0550-3213(83)90584-9},
	Fjournal = {Nuclear Physics. B. Theoretical, Phenomenological, and Experimental High Energy Physics. Quantum Field Theory and Statistical Systems},
	Issn = {0550-3213},
	Journal = {Nuclear Phys. B},
	Mrclass = {81C40 (17A35 81G20)},
	Mrnumber = {709052},
	Mrreviewer = {Pertti Lounesto},
	Number = {2},
	Pages = {357--380},
	Title = {Supersymmetry and the division algebras},
	Volume = {221},
	Year = {1983},
	Bdsk-Url-1 = {https://doi.org/10.1016/0550-3213(83)90584-9}}

@article{Evans,
	Author = {Evans, J. M.},
	Date-Added = {2020-02-04 05:24:27 -0800},
	Date-Modified = {2020-02-04 05:24:30 -0800},
	Doi = {10.1016/0550-3213(88)90305-7},
	Fjournal = {Nuclear Physics. B. Theoretical, Phenomenological, and Experimental High Energy Physics. Quantum Field Theory and Statistical Systems},
	Issn = {0550-3213},
	Journal = {Nuclear Phys. B},
	Mrclass = {81E13 (17A35 58G40)},
	Mrnumber = {929226},
	Mrreviewer = {Paul Baird},
	Number = {1},
	Pages = {92--108},
	Title = {Supersymmetric {Y}ang-{M}ills theories and division algebras},
	Volume = {298},
	Year = {1988},
	Bdsk-Url-1 = {https://doi.org/10.1016/0550-3213(88)90305-7}}

@article{BaulieuBerkovitsBossardMartin,
	Archiveprefix = {arXiv},
	Author = {Baulieu, L. and Berkovits, N. and Bossard, G. and Martin, A.},
	Date-Added = {2020-02-04 05:15:58 -0800},
	Date-Modified = {2020-02-04 05:16:29 -0800},
	Doi = {10.1016/j.physletb.2007.05.027},
	Eprint = {0705.2002},
	Fjournal = {Physics Letters. B. Particle Physics, Nuclear Physics and Cosmology},
	Issn = {0370-2693},
	Journal = {Phys. Lett. B},
	Mrclass = {81T60},
	Mrnumber = {2378532},
	Number = {5},
	Pages = {249--254},
	Primaryclass = {hep-th},
	Title = {Ten-dimensional super-{Y}ang-{M}ills with nine off-shell supersymmetries},
	Volume = {658},
	Year = {2008},
	Bdsk-Url-1 = {https://doi.org/10.1016/j.physletb.2007.05.027}}

@article{AlekseevMnev,
	Archiveprefix = {arXiv},
	Author = {Alekseev, Anton and Mn\"{e}v, Pavel},
	Date-Added = {2020-02-04 05:12:53 -0800},
	Date-Modified = {2020-02-04 05:13:35 -0800},
	Doi = {10.1007/s00220-011-1290-1},
	Eprint = {1005.2111},
	Fjournal = {Comm. Math. Phys.},
	Issn = {0010-3616},
	Journal = {Comm. Math. Phys.},
	Mrclass = {81T45 (18G55 55U10 57R56)},
	Mrnumber = {2835877},
	Mrreviewer = {Domenico Fiorenza},
	Number = {1},
	Pages = {185--227},
	Primaryclass = {hep-th},
	Title = {One-dimensional {C}hern-{S}imons theory},
	Volume = {307},
	Year = {2011},
	Bdsk-Url-1 = {https://doi.org/10.1007/s00220-011-1290-1}}

@article{GinzburgRozenblyum,
	Archiveprefix = {arXiv},
	Author = {Ginzburg, Victor and Rozenblyum, Nick},
	Date-Added = {2020-01-24 16:42:56 +0100},
	Date-Modified = {2020-01-24 16:43:32 +0100},
	Doi = {10.1007/s10468-018-9801-9},
	Eprint = {1703.08578},
	Fjournal = {Algebras and Representation Theory},
	Issn = {1386-923X},
	Journal = {Algebr. Represent. Theory},
	Mrclass = {14F05 (14A20 14J33 53D12)},
	Mrnumber = {3855670},
	Mrreviewer = {Stanis\l aw Tadeusz Janeczko},
	Number = {5},
	Pages = {1003--1015},
	Primaryclass = {math.AG},
	Title = {Gaiotto's {L}agrangian subvarieties via derived symplectic geometry},
	Volume = {21},
	Year = {2018},
	Bdsk-Url-1 = {https://doi.org/10.1007/s10468-018-9801-9}}

@book{SpringerVeldkamp,
	Author = {Springer, Tonny A. and Veldkamp, Ferdinand D.},
	Date-Added = {2020-01-13 15:04:10 +0100},
	Date-Modified = {2020-01-13 15:14:00 +0100},
	Doi = {10.1007/978-3-662-12622-6},
	Isbn = {3-540-66337-1},
	Mrclass = {17A75 (17C10 17C30 20G15)},
	Mrnumber = {1763974},
	Mrreviewer = {Plamen Koshlukov},
	Pages = {viii+208},
	Publisher = {Springer-Verlag, Berlin},
	Series = {Springer Monographs in Mathematics},
	Title = {Octonions, {J}ordan algebras and exceptional groups},
	Year = {2000},
	Bdsk-Url-1 = {https://doi.org/10.1007/978-3-662-12622-6}}

@article{ElliottSafronov,
	Archiveprefix = {arXiv},
	Author = {Elliott, Chris and Safronov, Pavel},
	Date-Added = {2019-12-26 16:24:12 +0300},
	Date-Modified = {2019-12-26 16:24:39 +0300},
	Doi = {10.1007/s00220-019-03393-9},
	Eprint = {1805.10806},
	Fjournal = {Comm. Math. Phys.},
	Issn = {0010-3616},
	Journal = {Comm. Math. Phys.},
	Mrclass = {81T60 (17B37 18D50 18F20)},
	Mrnumber = {4019918},
	Number = {2},
	Pages = {727--786},
	Primaryclass = {math-ph},
	Title = {Topological twists of supersymmetric algebras of observables},
	Volume = {371},
	Year = {2019},
	Bdsk-Url-1 = {https://doi.org/10.1007/s00220-019-03393-9}}

@article{SWchar,
	Archiveprefix = {arXiv},
	Author = {Saberi, Ingmar and Williams, Brian},
	Date-Added = {2019-12-10 15:16:45 +0000},
	Date-Modified = {2019-12-10 15:17:37 +0000},
	Eprint = {1906.04221},
	Primaryclass = {math-ph},
	Title = {Twisted characters and holomorphic symmetries},
	Year = {2019}}

@book{Snygg,
	Author = {Snygg, John},
	Date-Added = {2019-11-03 12:25:16 +0100},
	Date-Modified = {2019-11-03 12:25:19 +0100},
	Isbn = {0-19-509824-2},
	Mrclass = {81R25 (15A66 30C35 83C60)},
	Mrnumber = {1448408},
	Mrreviewer = {Martine J. Perrin},
	Note = {A computational tool for physicists},
	Pages = {xvi+335},
	Publisher = {Oxford University Press, New York},
	Title = {Clifford algebra},
	Year = {1997}}

@article{SafronovCoisoInt,
	Archiveprefix = {arXiv},
	Author = {Safronov, Pavel},
	Date-Added = {2019-09-09 17:41:30 +0200},
	Date-Modified = {2019-09-09 17:42:06 +0200},
	Eprint = {1509.08081},
	Fjournal = {Higher Structures},
	Issn = {2209-0606},
	Journal = {High. Struct.},
	Mrclass = {17B63 (53D20 53D55)},
	Mrnumber = {3912052},
	Mrreviewer = {Andreas Arvanitoyeorgos},
	Number = {1},
	Pages = {87--121},
	Primaryclass = {math.AG},
	Title = {Poisson reduction as a coisotropic intersection},
	Volume = {1},
	Year = {2017}}

@book{Huybrechts,
	Author = {Huybrechts, Daniel},
	Date-Added = {2019-03-24 13:56:39 +0100},
	Date-Modified = {2019-03-24 13:56:43 +0100},
	Isbn = {3-540-21290-6},
	Mrclass = {32Qxx (14-01 32-01 32G05 32J25 53C55 53C56)},
	Mrnumber = {2093043},
	Mrreviewer = {Richard P. Thomas},
	Note = {An introduction},
	Pages = {xii+309},
	Publisher = {Springer-Verlag, Berlin},
	Series = {Universitext},
	Title = {Complex geometry},
	Year = {2005}}

@book{MirrorSymmetry1,
	Author = {Hori, Kentaro and Katz, Sheldon and Klemm, Albrecht and Pandharipande, Rahul and Thomas, Richard and Vafa, Cumrun and Vakil, Ravi and Zaslow, Eric},
	Date-Added = {2018-07-17 10:27:56 +0000},
	Date-Modified = {2018-07-17 10:29:08 +0000},
	Isbn = {0-8218-2955-6},
	Mrclass = {14J32 (14N35 32Q25 81T30 81T60)},
	Mrnumber = {2003030},
	Mrreviewer = {Marcos Mari\~no},
	Note = {With a preface by Vafa},
	Pages = {xx+929},
	Publisher = {American Mathematical Society, Providence RI; Clay Mathematics Institute, Cambridge MA},
	Series = {Clay Mathematics Monographs},
	Title = {Mirror symmetry},
	Volume = {1},
	Year = {2003}}

@article{EagerSaberiWalcher,
	Archiveprefix = {arXiv},
	Author = {Eager, Richard and Saberi, Ingmar and Walcher, Johannes},
	Date-Added = {2018-07-13 07:58:30 +0000},
	Date-Modified = {2020-02-13 20:15:40 -0800},
	Eprint = {1807.03766},
	Primaryclass = {hep-th},
	Title = {Nilpotence varieties},
	Year = 2018}

@article{GeyerMuelsch,
	Archiveprefix = {arXiv},
	Author = {Geyer, B. and M\"ulsch, D.},
	Date-Added = {2018-07-02 13:19:55 +0000},
	Date-Modified = {2018-07-02 13:20:24 +0000},
	Doi = {10.1016/S0550-3213(03)00260-8},
	Eprint = {hep-th/0211061},
	Fjournal = {Nuclear Physics. B. Theoretical, Phenomenological, and Experimental High Energy Physics. Quantum Field Theory and Statistical Systems},
	Issn = {0550-3213},
	Journal = {Nuclear Phys. B},
	Mrclass = {81T45 (81T60 81T70)},
	Mrnumber = {1985280},
	Mrreviewer = {Carlos Lozano Rodr\'\i guez},
	Number = {3},
	Pages = {531--553},
	Primaryclass = {hep-th},
	Title = {Higher-dimensional analogue of the {B}lau-{T}hompson model and {$N_T=8$}, {$D=2$} {H}odge-type cohomological gauge theories},
	Volume = {662},
	Year = {2003},
	Bdsk-Url-1 = {https://doi.org/10.1016/S0550-3213(03)00260-8}}

@book{Meinrenken,
	Author = {Meinrenken, Eckhard},
	Date-Added = {2018-07-02 09:40:16 +0000},
	Date-Modified = {2018-07-02 13:37:10 +0000},
	Doi = {10.1007/978-3-642-36216-3},
	Isbn = {978-3-642-36215-6; 978-3-642-36216-3},
	Mrclass = {17B35 (53C27)},
	Mrnumber = {3052646},
	Mrreviewer = {Ian M. Musson},
	Pages = {xx+321},
	Publisher = {Springer, Heidelberg},
	Series = {Ergebnisse der Mathematik und ihrer Grenzgebiete. 3. Folge. A Series of Modern Surveys in Mathematics},
	Title = {Clifford algebras and {L}ie theory},
	Volume = {58},
	Year = {2013},
	Bdsk-Url-1 = {https://doi.org/10.1007/978-3-642-36216-3}}

@article{LiLi,
	Archiveprefix = {arXiv},
	Author = {Li, Qin and Li, Si},
	Date-Added = {2018-05-21 18:57:32 +0000},
	Date-Modified = {2018-05-21 18:58:22 +0000},
	Eprint = {1402.7000},
	Fjournal = {Journal of Differential Geometry},
	Issn = {0022-040X},
	Journal = {J. Differential Geom.},
	Mrclass = {53D50 (53D37)},
	Mrnumber = {3466804},
	Mrreviewer = {Yisong Yang},
	Number = {3},
	Pages = {409--484},
	Primaryclass = {math.QA},
	Title = {On the {B}-twisted topological sigma model and {C}alabi-{Y}au geometry},
	Volume = {102},
	Year = {2016},
	Bdsk-Url-1 = {http://projecteuclid.org/euclid.jdg/1456754015}}

@incollection{KatzarkovKontsevichPantev,
	Archiveprefix = {arXiv},
	Author = {Katzarkov, L. and Kontsevich, M. and Pantev, T.},
	Booktitle = {From {H}odge theory to integrability and {TQFT} tt*-geometry},
	Date-Added = {2018-05-21 10:09:17 +0000},
	Date-Modified = {2018-05-21 10:10:04 +0000},
	Doi = {10.1090/pspum/078/2483750},
	Eprint = {0806.0107},
	Mrclass = {14J32 (14A22 14C30 34M40)},
	Mrnumber = {2483750},
	Mrreviewer = {Mark Gross},
	Pages = {87--174},
	Primaryclass = {math.AG},
	Publisher = {Amer. Math. Soc., Providence, RI},
	Series = {Proc. Sympos. Pure Math.},
	Title = {Hodge theoretic aspects of mirror symmetry},
	Volume = {78},
	Year = {2008},
	Bdsk-Url-1 = {https://doi.org/10.1090/pspum/078/2483750}}

@book{Harvey,
	Author = {Harvey, F. Reese},
	Date-Added = {2018-05-20 18:11:16 +0000},
	Date-Modified = {2018-05-20 18:11:19 +0000},
	Isbn = {0-12-329650-1},
	Mrclass = {53C40 (15A66 20G20 53A50)},
	Mrnumber = {1045637},
	Mrreviewer = {Norio Ejiri},
	Pages = {xiv+323},
	Publisher = {Academic Press, Inc., Boston, MA},
	Series = {Perspectives in Mathematics},
	Title = {Spinors and calibrations},
	Volume = {9},
	Year = {1990}}

@article{WittenTQFT,
	Author = {Witten, Edward},
	Date-Added = {2018-05-11 12:56:57 +0000},
	Date-Modified = {2018-05-11 12:57:04 +0000},
	Fjournal = {Comm. Math. Phys.},
	Issn = {0010-3616},
	Journal = {Comm. Math. Phys.},
	Mrclass = {57R55 (58A10 58F30 58G30 81E99)},
	Mrnumber = {953828},
	Mrreviewer = {Daniel S. Freed},
	Number = {3},
	Pages = {353--386},
	Title = {Topological quantum field theory},
	Volume = {117},
	Year = {1988},
	Bdsk-Url-1 = {http://projecteuclid.org/euclid.cmp/1104161738}}

@article{WittenSigma,
	Author = {Witten, Edward},
	Date-Added = {2018-05-10 12:44:17 +0000},
	Date-Modified = {2018-05-10 12:45:06 +0000},
	Fjournal = {Comm. Math. Phys.},
	Issn = {0010-3616},
	Journal = {Comm. Math. Phys.},
	Mrclass = {81E13 (57R99 58E99 81E30 81E40 83C45)},
	Mrnumber = {958805},
	Mrreviewer = {Kotik K. Lee},
	Number = {3},
	Pages = {411--449},
	Title = {Topological sigma models},
	Volume = {118},
	Year = {1988},
	Bdsk-Url-1 = {http://projecteuclid.org/euclid.cmp/1104162092}}

@article{AlvarezGaume,
	Author = {Alvarez-Gaum\'e, Luis},
	Date-Added = {2018-05-09 14:17:02 +0000},
	Date-Modified = {2018-05-09 14:27:19 +0000},
	Fjournal = {Comm. Math. Phys.},
	Issn = {0010-3616},
	Journal = {Comm. Math. Phys.},
	Mrclass = {58G10 (81C99 81G20)},
	Mrnumber = {714431},
	Mrreviewer = {Akira Asada},
	Number = {2},
	Pages = {161--173},
	Title = {Supersymmetry and the {A}tiyah-{S}inger index theorem},
	Volume = {90},
	Year = {1983},
	Bdsk-Url-1 = {http://projecteuclid.org/euclid.cmp/1103940278}}

@article{WittenMorse,
	Author = {Witten, Edward},
	Date-Added = {2018-05-09 14:15:57 +0000},
	Date-Modified = {2018-05-09 14:16:02 +0000},
	Fjournal = {Journal of Differential Geometry},
	Issn = {0022-040X},
	Journal = {J. Differential Geom.},
	Mrclass = {58G99 (53C99 81G20)},
	Mrnumber = {683171},
	Mrreviewer = {I. Vaisman},
	Number = {4},
	Pages = {661--692 (1983)},
	Title = {Supersymmetry and {M}orse theory},
	Volume = {17},
	Year = {1982},
	Bdsk-Url-1 = {http://projecteuclid.org/euclid.jdg/1214437492}}

@article{KapustinWitten,
	Archiveprefix = {arXiv},
	Author = {Kapustin, Anton and Witten, Edward},
	Date-Added = {2018-05-03 13:39:18 +0000},
	Date-Modified = {2018-05-03 13:39:53 +0000},
	Doi = {10.4310/CNTP.2007.v1.n1.a1},
	Eprint = {hep-th/0604151},
	Fjournal = {Communications in Number Theory and Physics},
	Issn = {1931-4523},
	Journal = {Commun. Number Theory Phys.},
	Mrclass = {14D21 (22E46 32G13 81T45 81T60)},
	Mrnumber = {2306566},
	Mrreviewer = {Siye Wu},
	Number = {1},
	Pages = {1--236},
	Primaryclass = {hep-th},
	Title = {Electric-magnetic duality and the geometric {L}anglands program},
	Volume = {1},
	Year = {2007},
	Bdsk-Url-1 = {https://doi.org/10.4310/CNTP.2007.v1.n1.a1}}

@incollection{Wittenmirror,
	Archiveprefix = {arXiv},
	Author = {Witten, Edward},
	Booktitle = {Essays on mirror manifolds},
	Date-Added = {2018-05-03 13:05:08 +0000},
	Date-Modified = {2018-05-03 13:06:03 +0000},
	Eprint = {hep-th/9112056},
	Mrclass = {81T40 (14J30 32G81 32J27 32J81 81T70)},
	Mrnumber = {1191422},
	Mrreviewer = {Bruce Hunt},
	Pages = {120--158},
	Primaryclass = {hep-th},
	Publisher = {Int. Press, Hong Kong},
	Title = {Mirror manifolds and topological field theory},
	Year = {1992}}

@article{CPTVV,
	Archiveprefix = {arXiv},
	Author = {Calaque, Damien and Pantev, Tony and To\"en, Bertrand and Vaqui\'e, Michel and Vezzosi, Gabriele},
	Date-Added = {2018-05-03 12:05:45 +0000},
	Date-Modified = {2018-05-03 13:24:17 +0000},
	Doi = {10.1112/topo.12012},
	Eprint = {1506.03699},
	Fjournal = {Journal of Topology},
	Issn = {1753-8416},
	Journal = {J. Topol.},
	Mrclass = {14A20 (14D15 14F05 18E30 18G55 53D55)},
	Mrnumber = {3653319},
	Mrreviewer = {Scott R. Nollet},
	Number = {2},
	Pages = {483--584},
	Primaryclass = {math.AG},
	Title = {Shifted {P}oisson structures and deformation quantization},
	Volume = {10},
	Year = {2017},
	Bdsk-Url-1 = {https://doi.org/10.1112/topo.12012}}

@article{PTVV,
	Archiveprefix = {arXiv},
	Author = {Pantev, Tony and To\"{e}n, Bertrand and Vaqui\'{e}, Michel and Vezzosi, Gabriele},
	Date-Modified = {2020-02-13 20:07:33 -0800},
	Doi = {10.1007/s10240-013-0054-1},
	Eprint = {1111.3209},
	Fjournal = {Publications Math\'{e}matiques. Institut de Hautes \'{E}tudes Scientifiques},
	Issn = {0073-8301},
	Journal = {Publ. Math. Inst. Hautes \'{E}tudes Sci.},
	Mrclass = {14F05 (14A15 18F20 18G30 53D05 53D12)},
	Mrnumber = {3090262},
	Mrreviewer = {Andrey Yu. Lazarev},
	Pages = {271--328},
	Primaryclass = {math.AG},
	Title = {Shifted symplectic structures},
	Volume = {117},
	Year = {2013},
	Bdsk-Url-1 = {https://doi.org/10.1007/s10240-013-0054-1}}

@article{Yalin,
	Author = {Yalin, Sinan},
	Date-Added = {2018-05-02 13:27:55 +0000},
	Date-Modified = {2018-05-02 13:28:00 +0000},
	Doi = {10.1007/s40062-015-0108-9},
	Fjournal = {Journal of Homotopy and Related Structures},
	Issn = {2193-8407},
	Journal = {J. Homotopy Relat. Struct.},
	Mrclass = {17B55 (18G55 55U10)},
	Mrnumber = {3542090},
	Mrreviewer = {Leandro R. Cagliero},
	Number = {3},
	Pages = {375--407},
	Title = {Maurer-{C}artan spaces of filtered {$L_\infty$}-algebras},
	Volume = {11},
	Year = {2016},
	Bdsk-Url-1 = {https://doi.org/10.1007/s40062-015-0108-9}}

@article{DolgushevHoffnungRogers,
	Archiveprefix = {arXiv},
	Author = {Dolgushev, Vasily A. and Hoffnung, Alexander E. and Rogers, Christopher L.},
	Date-Added = {2018-04-26 13:15:00 +0000},
	Date-Modified = {2018-04-26 13:15:51 +0000},
	Doi = {10.1016/j.aim.2015.01.014},
	Eprint = {1406.1751},
	Fjournal = {Advances in Mathematics},
	Issn = {0001-8708},
	Journal = {Adv. Math.},
	Mrclass = {18D50 (17B55 18D10)},
	Mrnumber = {3318161},
	Mrreviewer = {Andrey Yu. Lazarev},
	Pages = {562--605},
	Primaryclass = {math.CT},
	Title = {What do homotopy algebras form?},
	Volume = {274},
	Year = {2015},
	Bdsk-Url-1 = {https://doi.org/10.1016/j.aim.2015.01.014}}

@book{LodayVallette,
	Author = {Loday, Jean-Louis and Vallette, Bruno},
	Date-Added = {2018-04-26 12:49:32 +0000},
	Date-Modified = {2018-04-26 12:49:38 +0000},
	Doi = {10.1007/978-3-642-30362-3},
	Isbn = {978-3-642-30361-6},
	Mrclass = {18D50 (16E99)},
	Mrnumber = {2954392},
	Mrreviewer = {Andrey Yu. Lazarev},
	Pages = {xxiv+634},
	Publisher = {Springer, Heidelberg},
	Series = {Grundlehren der Mathematischen Wissenschaften [Fundamental Principles of Mathematical Sciences]},
	Title = {Algebraic operads},
	Volume = {346},
	Year = {2012},
	Bdsk-Url-1 = {https://doi.org/10.1007/978-3-642-30362-3}}

@book{MarklShniderStasheff,
	Author = {Markl, Martin and Shnider, Steve and Stasheff, Jim},
	Date-Added = {2018-04-26 12:37:13 +0000},
	Date-Modified = {2018-04-26 12:37:20 +0000},
	Isbn = {0-8218-2134-2},
	Mrclass = {18D50 (55P48 55R80)},
	Mrnumber = {1898414},
	Mrreviewer = {Alexander A. Voronov},
	Pages = {x+349},
	Publisher = {American Mathematical Society, Providence, RI},
	Series = {Mathematical Surveys and Monographs},
	Title = {Operads in algebra, topology and physics},
	Volume = {96},
	Year = {2002}}

@article{HuangTopVOA,
	Archiveprefix = {arXiv},
	Author = {Huang, Yi-Zhi},
	Date-Added = {2018-04-26 12:26:26 +0000},
	Date-Modified = {2018-04-26 12:29:17 +0000},
	Eprint = {hep-th/9306021},
	Fjournal = {Comm. Math. Phys.},
	Issn = {0010-3616},
	Journal = {Comm. Math. Phys.},
	Mrclass = {17B69 (17B56 81R10)},
	Mrnumber = {1288155},
	Mrreviewer = {Reinhold W. Gebert},
	Number = {1},
	Pages = {105--144},
	Primaryclass = {hep-th},
	Title = {Operadic formulation of topological vertex algebras and {G}erstenhaber or {B}atalin-{V}ilkovisky algebras},
	Volume = {164},
	Year = {1994},
	Bdsk-Url-1 = {http://projecteuclid.org/euclid.cmp/1104270712}}

@article{HuangGeomVOA,
	Author = {Huang, Yi-Zhi},
	Date-Added = {2018-04-26 12:25:32 +0000},
	Date-Modified = {2018-04-26 12:25:39 +0000},
	Doi = {10.1073/pnas.88.22.9964},
	Fjournal = {Proceedings of the National Academy of Sciences of the United States of America},
	Issn = {0027-8424},
	Journal = {Proc. Nat. Acad. Sci. U.S.A.},
	Mrclass = {17B65 (17B67)},
	Mrnumber = {1133584},
	Mrreviewer = {Chong Ying Dong},
	Number = {22},
	Pages = {9964--9968},
	Title = {Geometric interpretation of vertex operator algebras},
	Volume = {88},
	Year = {1991},
	Bdsk-Url-1 = {https://doi.org/10.1073/pnas.88.22.9964}}

@article{Pridham,
	Archiveprefix = {arXiv},
	Author = {Pridham, J.~P.},
	Date-Added = {2018-04-24 08:04:44 +0000},
	Date-Modified = {2018-04-24 08:04:56 +0000},
	Doi = {10.1112/topo.12004},
	Eprint = {1504.01940},
	Journal = {J. Topol.},
	Number = {1},
	Pages = {178--210},
	Primaryclass = {math.AG},
	Title = {Shifted Poisson and symplectic structures on derived N-stacks},
	Volume = {10},
	Year = 2017,
	Bdsk-Url-1 = {http://dx.doi.org/10.1112/topo.12004}}

@article{BatalinVilkovisky,
	Author = {Batalin, Igor and Vilkovisky, Grigori},
	Date-Added = {2018-03-22 17:20:09 +0000},
	Date-Modified = {2018-03-22 17:20:16 +0000},
	Doi = {10.1016/0370-2693(81)90205-7},
	Fjournal = {Physics Letters. B},
	Issn = {0370-2693},
	Journal = {Phys. Lett. B},
	Mrclass = {81E99 (58F06 81G20)},
	Mrnumber = {616572},
	Number = {1},
	Pages = {27--31},
	Title = {Gauge algebra and quantization},
	Volume = {102},
	Year = {1981},
	Bdsk-Url-1 = {https://doi.org/10.1016/0370-2693(81)90205-7}}

@article{SalvatoreWahl,
	Archiveprefix = {arXiv},
	Author = {Salvatore, Paolo and Wahl, Nathalie},
	Date-Added = {2018-03-20 16:06:03 +0000},
	Date-Modified = {2018-03-20 16:06:57 +0000},
	Doi = {10.1093/qjmath/54.2.213},
	Eprint = {math/0106242},
	Fjournal = {The Quarterly Journal of Mathematics},
	Issn = {0033-5606},
	Journal = {Q. J. Math.},
	Mrclass = {55P48 (18D50)},
	Mrnumber = {1989873},
	Mrreviewer = {Sarah Whitehouse},
	Number = {2},
	Pages = {213--231},
	Primaryclass = {math.AT},
	Title = {Framed discs operads and {B}atalin-{V}ilkovisky algebras},
	Volume = {54},
	Year = {2003},
	Bdsk-Url-1 = {https://doi.org/10.1093/qjmath/54.2.213}}

@article{Bergner,
	Archiveprefix = {arXiv},
	Author = {Bergner, Julia E.},
	Date-Added = {2018-03-11 15:14:38 +0000},
	Date-Modified = {2018-03-11 15:14:38 +0000},
	Eprint = {math/0406507},
	Fjournal = {Transactions of the American Mathematical Society},
	Issn = {0002-9947},
	Journal = {Trans. Amer. Math. Soc.},
	Mrclass = {18G55 (18D20)},
	Mrnumber = {2276611},
	Mrreviewer = {Philippe Gaucher},
	Number = {5},
	Pages = {2043--2058},
	Primaryclass = {math.AT},
	Title = {A model category structure on the category of simplicial categories},
	Volume = {359},
	Year = {2007},
	Bdsk-Url-1 = {https://doi.org/10.1090/S0002-9947-06-03987-0}}

@article{CisinskiMoerdijk,
	Archiveprefix = {arXiv},
	Author = {Cisinski, Denis-Charles and Moerdijk, Ieke},
	Date-Added = {2018-03-11 15:14:38 +0000},
	Date-Modified = {2018-03-11 15:14:38 +0000},
	Eprint = {1109.1004},
	Fjournal = {Journal of Topology},
	Issn = {1753-8416},
	Journal = {J. Topol.},
	Mrclass = {18D50 (18D30 55P48 55U10)},
	Mrnumber = {3100888},
	Mrreviewer = {David Chataur},
	Number = {3},
	Pages = {705--756},
	Primaryclass = {math.CT},
	Title = {Dendroidal sets and simplicial operads},
	Volume = {6},
	Year = {2013},
	Bdsk-Url-1 = {https://doi.org/10.1112/jtopol/jtt006}}

@article{Hinich,
	Archiveprefix = {arXiv},
	Author = {Hinich, Vladimir},
	Date-Added = {2018-03-11 15:14:38 +0000},
	Date-Modified = {2018-03-11 15:14:38 +0000},
	Eprint = {1311.4130},
	Fjournal = {Documenta Mathematica},
	Issn = {1431-0635},
	Journal = {Doc. Math.},
	Mrclass = {18D50 (18G55)},
	Mrnumber = {3404213},
	Mrreviewer = {Christopher L. Rogers},
	Pages = {879--926},
	Primaryclass = {math.QA},
	Title = {Rectification of algebras and modules},
	Volume = {20},
	Year = {2015}}

@book{HA,
	Author = {Lurie, Jacob},
	Date-Added = {2018-03-11 15:14:38 +0000},
	Date-Modified = {2018-03-11 15:14:38 +0000},
	Title = {Higher Algebra},
	Url = {http://math.harvard.edu/~lurie/papers/HA.pdf},
	Year = {2017},
	Bdsk-Url-1 = {http://math.harvard.edu/~lurie/papers/HA.pdf}}

@article{Robertson,
	Archiveprefix = {arXiv},
	Author = {Robertson, Marcy},
	Date-Added = {2018-03-11 15:14:38 +0000},
	Date-Modified = {2018-03-11 15:14:38 +0000},
	Eprint = {1111.4146},
	Month = nov,
	Primaryclass = {math.AT},
	Title = {The Homotopy Theory of Simplicially Enriched Multicategories},
	Year = 2011}

@book{Book2,
	Author = {Costello, Kevin and Gwilliam, Owen},
	Date-Added = {2017-10-04 08:24:59 +0000},
	Date-Modified = {2019-08-13 15:57:40 +0200},
	Title = {Factorization algebras in quantum field theory. Vol. 2},
	Url = {https://people.math.umass.edu/~gwilliam/vol2may8.pdf},
	Year = {2018},
	Bdsk-Url-1 = {http://people.mpim-bonn.mpg.de/gwilliam/vol2may8.pdf}}

@book{Book1,
	Author = {Costello, Kevin and Gwilliam, Owen},
	Date-Added = {2017-10-04 08:22:13 +0000},
	Date-Modified = {2017-10-04 08:22:17 +0000},
	Doi = {10.1017/9781316678626},
	Isbn = {978-1-107-16310-2},
	Mrclass = {81-01 (17B69 18D50 53D55 81R05 81R10)},
	Mrnumber = {3586504},
	Pages = {ix+387},
	Publisher = {Cambridge University Press, Cambridge},
	Series = {New Mathematical Monographs},
	Title = {Factorization algebras in quantum field theory. {V}ol. 1},
	Volume = {31},
	Year = {2017},
	Bdsk-Url-1 = {http://dx.doi.org/10.1017/9781316678626}}

@article{CostelloSUSY,
	Archiveprefix = {arXiv},
	Author = {Costello, Kevin},
	Date-Added = {2017-10-04 08:18:00 +0000},
	Date-Modified = {2017-10-04 08:18:44 +0000},
	Doi = {10.4310/PAMQ.2013.v9.n1.a3},
	Eprint = {1111.4234},
	Fjournal = {Pure and Applied Mathematics Quarterly},
	Issn = {1558-8599},
	Journal = {Pure Appl. Math. Q.},
	Mrclass = {81R40 (81Q60 81T13)},
	Mrnumber = {3126501},
	Mrreviewer = {Domenico Fiorenza},
	Number = {1},
	Pages = {73--165},
	Primaryclass = {math.QA},
	Title = {Notes on supersymmetric and holomorphic field theories in dimensions 2 and 4},
	Volume = {9},
	Year = {2013},
	Bdsk-Url-1 = {http://dx.doi.org/10.4310/PAMQ.2013.v9.n1.a3}}

@incollection{CostelloScheimbauer,
	Archiveprefix = {arXiv},
	Author = {Costello, Kevin and Scheimbauer, Claudia},
	Booktitle = {Mathematical aspects of quantum field theories},
	Date-Added = {2017-10-04 08:16:23 +0000},
	Date-Modified = {2017-10-04 08:16:54 +0000},
	Eprint = {1401.2676},
	Mrclass = {81T20 (81T45)},
	Mrnumber = {3330239},
	Pages = {57--87},
	Primaryclass = {math.QA},
	Publisher = {Springer, Cham},
	Series = {Math. Phys. Stud.},
	Title = {Lectures on mathematical aspects of (twisted) supersymmetric gauge theories},
	Year = {2015}}

@incollection{DeligneFreed,
	Archiveprefix = {arXiv},
	Author = {Deligne, Pierre and Freed, Daniel S.},
	Booktitle = {Quantum fields and strings: a course for mathematicians, {V}ol. 1, 2 ({P}rinceton, {NJ}, 1996/1997)},
	Date-Added = {2017-10-02 16:04:54 +0000},
	Date-Modified = {2017-10-02 16:05:47 +0000},
	Eprint = {hep-th/9901094},
	Mrclass = {81T60 (58A50 58C50 58E30 81-02)},
	Mrnumber = {1701600},
	Mrreviewer = {Jaime Mu\~noz Masqu\'e},
	Pages = {227--355},
	Primaryclass = {hep-th},
	Publisher = {Amer. Math. Soc., Providence, RI},
	Title = {Supersolutions},
	Year = {1999}}

@incollection{DeligneSpinors,
	Author = {Deligne, Pierre},
	Booktitle = {Quantum fields and strings: a course for mathematicians, {V}ol. 1, 2 ({P}rinceton, {NJ}, 1996/1997)},
	Date-Added = {2017-10-02 16:04:38 +0000},
	Date-Modified = {2017-10-02 16:04:43 +0000},
	Mrclass = {81R05 (15A66 16W55 81R25)},
	Mrnumber = {1701598},
	Mrreviewer = {Jean-Pierre Tignol},
	Pages = {99--135},
	Publisher = {Amer. Math. Soc., Providence, RI},
	Title = {Notes on spinors},
	Year = {1999}}

@article{GatesSuperspace,
	Author = {Gates Jr, S James and Grisaru, Marcus T and Rocek, Martin and Siegel, Warren},
	Journal = {arXiv preprint hep-th/0108200},
	Title = {Superspace, or one thousand and one lessons in supersymmetry},
	Year = {2001}}

@article{Park,
	Author = {Park, Jeong-Hyuck},
	Journal = {Journal of Mathematical Physics},
	Number = {10},
	Pages = {7129--7161},
	Publisher = {AIP},
	Title = {Superconformal symmetry in three dimensions},
	Volume = {41},
	Year = {2000}}

@phdthesis{Arvidsson,
	Author = {Arvidsson, Par},
	Bdsk-Url-1 = {arXiv preprint hep-th/0608014},
	School = {Chalmers University of Technology},
	Title = {Superconformal theories in six dimensions},
	Url = {arXiv preprint hep-th/0608014},
	Year = {2006},
	Bdsk-Url-2 = {arXiv%20preprint%20hep-th/0608014}}

@article{BenZviHeluaniSzczesny,
	Archiveprefix = {arXiv},
	Author = {Ben-Zvi, David and Heluani, Reimundo and Szczesny, Matthew},
	Date-Modified = {2018-05-03 13:23:45 +0000},
	Eprint = {math/0601532},
	Journal = {Compositio Mathematica},
	Number = {2},
	Pages = {503--521},
	Primaryclass = {math.QA},
	Publisher = {London Mathematical Society},
	Title = {Supersymmetry of the chiral {de Rham} complex},
	Volume = {144},
	Year = {2008}}

@article{MatsuuraMisumiOhta,
	Archiveprefix = {arXiv},
	Author = {Matsuura, So and Misumi, Tatsuhiro and Ohta, Kazutoshi},
	Date-Modified = {2018-05-03 13:43:58 +0000},
	Eprint = {1408.6998},
	Journal = {Progress of Theoretical and Experimental Physics},
	Number = {12},
	Primaryclass = {hep-lat},
	Publisher = {Oxford University Press},
	Title = {Topologically twisted {$\mathcal N=(2, 2)$} supersymmetric {Yang--Mills} theory on an arbitrary discretized {Riemann} surface},
	Volume = {2014},
	Year = {2014}}

@article{BlauThompson1,
	Archiveprefix = {arXiv},
	Author = {Blau, Matthias and Thompson, George},
	Date-Modified = {2018-05-03 13:21:27 +0000},
	Eprint = {hep-th/9112012},
	Journal = {Comm. Math. Phys.},
	Number = {1},
	Pages = {41--71},
	Primaryclass = {hep-th},
	Publisher = {Springer},
	Title = {{$\mc N= 2$} topological gauge theory, the {Euler} characteristic of moduli spaces, and the {Casson} invariant},
	Volume = {152},
	Year = {1993}}

@article{BlauThompson2,
	Archiveprefix = {arXiv},
	Author = {Blau, Matthias and Thompson, George},
	Date-Modified = {2018-05-03 13:20:55 +0000},
	Eprint = {hep-th/9612143},
	Journal = {Nuclear Physics B},
	Number = {3},
	Pages = {545--590},
	Primaryclass = {hep-th},
	Publisher = {Elsevier},
	Title = {Aspects of {$N_T \ge 2$} topological gauge theories and {D}-branes},
	Volume = {492},
	Year = {1997}}

@phdthesis{Lozano,
	Archiveprefix = {arXiv},
	Author = {Carlos Lozano},
	Date-Modified = {2018-05-03 13:42:05 +0000},
	Eprint = {hep-th/9907123},
	Primaryclass = {hep-th},
	School = {University of Santiago de Compostela},
	Title = {Duality in Topological Field Theories},
	Year = {1999}}

@article{VafaWitten,
	Archiveprefix = {arXiv},
	Author = {Vafa, Cumrun and Witten, Edward},
	Date-Modified = {2018-05-03 13:48:22 +0000},
	Eprint = {hep-th/9408074},
	Journal = {Nuclear Physics B},
	Number = {1},
	Pages = {3--77},
	Primaryclass = {hep-th},
	Publisher = {Elsevier},
	Title = {A strong coupling test of {S}-duality},
	Volume = {431},
	Year = {1994}}

@article{KapustinHolo,
	Archiveprefix = {arXiv},
	Author = {Kapustin, Anton},
	Date-Modified = {2018-05-03 13:36:28 +0000},
	Eprint = {hep-th/0612119},
	Primaryclass = {hep-th},
	Title = {Holomorphic reduction of {$N=2$} gauge theories, {Wilson}-'t {Hooft} operators, and {S}-duality},
	Year = {2006}}

@phdthesis{Setter,
	Author = {Setter, Kevin},
	School = {California Institute of Technology},
	Title = {Topological quantum field theory and the geometric {Langlands} correspondence},
	Year = {2013}}

@article{CautisWilliams,
	Archiveprefix = {arXiv},
	Author = {Cautis, Sabin and Williams, Harold},
	Date-Modified = {2018-05-03 13:27:53 +0000},
	Eprint = {1801.08111},
	Primaryclass = {math.RT},
	Title = {Cluster theory of the coherent {Satake} category},
	Year = {2018}}

@article{QiuZabzine,
	Archiveprefix = {arXiv},
	Author = {Qiu, Jian and Zabzine, Maxim},
	Date-Modified = {2018-05-03 13:46:04 +0000},
	Eprint = {1409.1058},
	Journal = {Letters in Mathematical Physics},
	Number = {1},
	Pages = {1--27},
	Primaryclass = {hep-th},
	Publisher = {Springer},
	Title = {On twisted {$\mc N= 2$} {5D} super {Yang--Mills} theory},
	Volume = {106},
	Year = {2016}}

@article{AcharyaOLoughlinSpence,
	Archiveprefix = {arXiv},
	Author = {Acharya, Bobby S and O'Loughlin, M and Spence, B},
	Date-Modified = {2018-05-03 13:15:23 +0000},
	Eprint = {hep-th/9705138},
	Journal = {Nuclear Physics B},
	Number = {3},
	Pages = {657--674},
	Primaryclass = {hep-th},
	Publisher = {Elsevier},
	Title = {Higher-dimensional analogues of {Donaldson-Witten} theory},
	Volume = {503},
	Year = {1997}}

@article{BaulieuKannoSinger,
	Archiveprefix = {arXiv},
	Author = {Baulieu, Laurent and Kanno, Hiroaki and Singer, Isadore M},
	Date-Modified = {2018-05-03 13:18:58 +0000},
	Eprint = {hep-th/9704167},
	Journal = {Comm. Math. Phys.},
	Number = {1},
	Pages = {149--175},
	Primaryclass = {hep-th},
	Publisher = {Springer},
	Title = {Special Quantum Field Theories in Eight and Other Dimensions},
	Volume = {194},
	Year = {1998}}

@article{Baulieu,
	Archiveprefix = {arXiv},
	Author = {Baulieu, Laurent},
	Date-Modified = {2018-05-03 13:16:05 +0000},
	Eprint = {1009.3893},
	Journal = {Physics Letters B},
	Number = {1},
	Pages = {63--67},
	Primaryclass = {hep-th},
	Publisher = {Elsevier},
	Title = {{$\mathrm{SU}(5)$}-invariant decomposition of ten-dimensional {Yang--Mills} supersymmetry},
	Volume = {698},
	Year = {2011}}

@article{Gaiotto3d,
	Archiveprefix = {arXiv},
	Author = {Gaiotto, Davide},
	Date-Modified = {2018-05-03 13:30:04 +0000},
	Eprint = {1611.01528},
	Primaryclass = {hep-th},
	Rating = {3},
	Title = {Twisted compactifications of 3d {$\mc N= 4$} theories and conformal blocks},
	Year = {2016}}

@article{KallenZabzine,
	Archiveprefix = {arXiv},
	Author = {K{\"a}ll{\'e}n, Johan and Zabzine, Maxim},
	Date-Modified = {2018-05-03 13:40:49 +0000},
	Eprint = {1202.1956},
	Journal = {Journal of High Energy Physics},
	Number = {5},
	Pages = {125},
	Primaryclass = {hep-th},
	Publisher = {Springer},
	Title = {Twisted supersymmetric {5D} {Yang-Mills} theory and contact geometry},
	Volume = {2012},
	Year = {2012}}

@article{BaulieuLosevNekrasov,
	Archiveprefix = {arXiv},
	Author = {Baulieu, Laurent and Losev, Andrei and Nekrasov, Nikita},
	Date-Modified = {2018-05-03 13:19:42 +0000},
	Eprint = {hep-th/9707174},
	Journal = {Nuclear Physics B},
	Number = {1-2},
	Pages = {82--104},
	Primaryclass = {hep-th},
	Publisher = {Elsevier},
	Title = {{Chern-Simons} and twisted supersymmetry in various dimensions},
	Volume = {522},
	Year = {1998}}

@article{BakGustavsson1,
	Archiveprefix = {arXiv},
	Author = {Bak, Dongsu and Gustavsson, Andreas},
	Date-Modified = {2018-05-03 13:17:24 +0000},
	Eprint = {1504.00099},
	Journal = {Journal of High Energy Physics},
	Number = {7},
	Pages = {13},
	Primaryclass = {hep-th},
	Publisher = {Springer},
	Title = {The geometric {Langlands} twist in five and six dimensions},
	Volume = {2015},
	Year = {2015}}

@article{BakGustavsson2,
	Archiveprefix = {arXiv},
	Author = {Bak, Dongsu and Gustavsson, Andreas},
	Date-Modified = {2018-05-03 13:18:13 +0000},
	Eprint = {1710.02841},
	Journal = {Journal of High Energy Physics},
	Number = {2},
	Pages = {37},
	Primaryclass = {hep-th},
	Publisher = {Springer},
	Title = {Five-dimensional fermionic {Chern-Simons} theory},
	Volume = {2018},
	Year = {2018}}

@article{Marcus,
	Archiveprefix = {arXiv},
	Author = {Marcus, Neil},
	Date-Modified = {2018-05-03 13:42:44 +0000},
	Eprint = {hep-th/9506002},
	Journal = {Nuclear Physics B},
	Number = {1-2},
	Pages = {331--345},
	Primaryclass = {hep-th},
	Publisher = {Elsevier},
	Title = {The other topological twisting of {$\mc N= 4$} {Yang-Mills}},
	Volume = {452},
	Year = {1995}}

@article{Yamron,
	Author = {Yamron, Jonathan P},
	Journal = {Physics Letters B},
	Number = {3},
	Pages = {325--330},
	Publisher = {Elsevier},
	Title = {Topological actions from twisted supersymmetric theories},
	Volume = {213},
	Year = {1988}}

@book{WeinbergIII,
	Author = {Weinberg, Steven},
	Publisher = {Cambridge university press},
	Title = {The Quantum Theory of Fields},
	Volume = {3},
	Year = {2000}}

@article{CostelloYangian,
	Archiveprefix = {arXiv},
	Author = {Costello, Kevin},
	Date-Modified = {2018-05-03 13:27:13 +0000},
	Eprint = {1303.2632},
	Primaryclass = {hep-th},
	Title = {Supersymmetric gauge theory and the {Yangian}},
	Year = {2013}}

@article{Nahm,
	Author = {Nahm, Werner},
	Doi = {10.1016/0550-3213(78)90218-3},
	Journal = {Nucl. Phys. B},
	Pages = {149--166},
	Reportnumber = {CERN-TH-2341},
	Slaccitation = {%%CITATION = NUPHA,B135,149;%%},
	Title = {Supersymmetries and their Representations},
	Volume = {135},
	Year = {1978},
	Bdsk-Url-1 = {https://doi.org/10.1016/0550-3213(78)90218-3}}

@article{Shnider,
	Author = {Shnider, Steven},
	Journal = {Letters in Mathematical Physics},
	Number = {4},
	Pages = {377--383},
	Publisher = {Springer},
	Title = {The superconformal algebra in higher dimensions},
	Volume = {16},
	Year = {1988}}

@article{Minwalla,
	Archiveprefix = {arXiv},
	Author = {Minwalla, Shiraz},
	Date-Modified = {2018-05-03 13:43:20 +0000},
	Eprint = {hep-th/9712074},
	Journal = {Advances in Theoretical and Mathematical Physics},
	Number = {4},
	Pages = {783--851},
	Primaryclass = {hep-th},
	Publisher = {International Press of Boston},
	Title = {Restrictions imposed by superconformal invariance on quantum field theories},
	Volume = {2},
	Year = {1998}}

@phdthesis{Okazaki,
	Archiveprefix = {arXiv},
	Author = {Okazaki, Tadashi},
	Date-Modified = {2018-05-03 13:44:52 +0000},
	Eprint = {1503.03906},
	Primaryclass = {hep-th},
	Title = {Superconformal Quantum Mechanics from {M2}-branes},
	Year = {2015}}

@article{FattoriKac,
	Archiveprefix = {arXiv},
	Author = {Fattori, Davide and Kac, Victor},
	Date-Modified = {2018-05-03 13:29:31 +0000},
	Eprint = {math-ph/0106002},
	Journal = {Journal of Algebra},
	Number = {258},
	Pages = {23--59},
	Primaryclass = {math-ph},
	Title = {Classification of finite simple {Lie} conformal superalgebras},
	Volume = {1},
	Year = {2002}}

@article{KapustinSaulina,
	Archiveprefix = {arXiv},
	Author = {Kapustin, Anton and Saulina, Natalia},
	Date-Modified = {2018-05-03 13:38:04 +0000},
	Eprint = {0904.1447},
	Journal = {Nuclear Physics B},
	Number = {3},
	Pages = {403--427},
	Primaryclass = {hep-th},
	Publisher = {Elsevier},
	Title = {{Chern-Simons-Rozansky-Witten} topological field theory},
	Volume = {823},
	Year = {2009}}

@article{BDGH1,
	Archiveprefix = {arXiv},
	Author = {Bullimore, Mathew and Dimofte, Tudor and Gaiotto, Davide and Hilburn, Justin},
	Date-Modified = {2018-05-03 13:22:12 +0000},
	Eprint = {1603.08382},
	Journal = {Journal of High Energy Physics},
	Number = {10},
	Pages = {108},
	Primaryclass = {hep-th},
	Publisher = {Springer},
	Title = {Boundaries, mirror symmetry, and symplectic duality in 3d {$\mc N= 4$} gauge theory},
	Volume = {2016},
	Year = {2016}}

@article{BDGH2,
	Archiveprefix = {arXiv},
	Author = {Bullimore, Mathew and Dimofte, Tudor and Gaiotto, Davide and Hilburn, Justin and Kim, Hee-Cheol},
	Date-Modified = {2018-05-03 13:22:58 +0000},
	Eprint = {1609.04406},
	Primaryclass = {hep-th},
	Title = {Vortices and {Vermas}},
	Year = {2016}}

@article{KapustinVyas,
	Archiveprefix = {arXiv},
	Author = {Kapustin, Anton and Vyas, Ketan},
	Date-Modified = {2018-05-03 13:38:38 +0000},
	Eprint = {1002.4241},
	Primaryclass = {hep-th},
	Title = {A-models in three and four dimensions},
	Year = {2010}}

@article{CLGM,
	Author = {Castrill{\'o}n L{\'o}pez, M. and Gadea, P.M. and Mykytyuk, I.V.},
	Journal = {arXiv preprint arXiv:0911.1079},
	Title = {The canonical 8-form on manifolds with holonomy group Spin (9)},
	Year = {2009}}

@article{Berger,
	Author = {Berger, Marcel},
	Journal = {Bull. Soc. Math. France},
	Number = {279},
	Pages = {230},
	Title = {Sur les groupes d'holonomie homogene des vari{\'e}t{\'e}s \`a connexion affine et des vari{\'e}t{\'e}s riemanniennes},
	Volume = {83},
	Year = {1955}}

@article{PartonPiccinni,
	Archiveprefix = {arXiv},
	Author = {Parton, Maurizio and Piccinni, Paolo},
	Date-Modified = {2018-05-03 13:45:28 +0000},
	Eprint = {1105.5318},
	Journal = {Annals of Global Analysis and Geometry},
	Number = {3},
	Pages = {321--345},
	Primaryclass = {math.DG},
	Publisher = {Springer},
	Title = {{$\Spin(9)$} and almost complex structures on 16-dimensional manifolds},
	Volume = {41},
	Year = {2012}}

@article{Cederwall1,
	Author = {Cederwall, Martin},
	Journal = {Journal of High Energy Physics},
	Number = {1},
	Pages = {1--19},
	Publisher = {Springer},
	Title = {Towards a manifestly supersymmetric action for 11-dimensional supergravity},
	Volume = {2010},
	Year = {2010}}

@article{Cederwall2,
	Author = {Cederwall, Martin},
	Journal = {Modern Physics Letters A},
	Number = {38},
	Pages = {3201--3212},
	Publisher = {World Scientific},
	Title = {{$D=11$} supergravity with manifest supersymmetry},
	Volume = {25},
	Year = {2010}}

@article{BudinichTrautman,
	Author = {Budinich, Paolo and Trautman, Andrzej},
	Journal = {Journal of Mathematical Physics},
	Number = {9},
	Pages = {2125--2131},
	Publisher = {AIP Publishing},
	Title = {Fock space description of simple spinors},
	Volume = {30},
	Year = {1989}}

@book{Chevalley,
	Author = {Chevalley, Claude},
	Publisher = {Springer},
	Title = {The Algebraic Theory of Spinors and Clifford Algebras: Collected Works},
	Volume = {2},
	Year = {1995}}

@phdthesis{Charlton,
	Author = {Charlton, Philip},
	School = {University of Newcastle},
	Title = {The geometry of pure spinors, with applications},
	Year = {1997}}

@article{CostelloLi,
	Author = {Costello, Kevin and Li, Si},
	Journal = {arXiv preprint arXiv:1606.00365},
	Title = {Twisted supergravity and its quantization},
	Year = {2016}}

@article{ElliottYoo1,
	Archiveprefix = {arXiv},
	Author = {Elliott, Chris and Yoo, Philsang},
	Date-Modified = {2018-05-03 13:28:41 +0000},
	Eprint = {1507.03048},
	Journal = {Advances in Theoretical and Mathematical Physics},
	Number = {3},
	Primaryclass = {math-ph},
	Title = {Geometric {Langlands} Twists of {$N=4$} Gauge Theory from Derived Algebraic Geometry},
	Volume = {22},
	Year = {2018}}

@article{Igusa,
	Author = {Igusa, Jun-Ichi},
	Journal = {American Journal of Mathematics},
	Pages = {997--1028},
	Publisher = {JSTOR},
	Title = {A classification of spinors up to dimension twelve},
	Year = {1970}}

@article{Anderson,
	Archiveprefix = {arXiv},
	Author = {Anderson, Louise},
	Date-Modified = {2018-05-03 13:14:41 +0000},
	Eprint = {1212.5019},
	Journal = {Journal of High Energy Physics},
	Number = {2},
	Pages = {131},
	Primaryclass = {hep-th},
	Publisher = {Springer},
	Title = {Five-dimensional topologically twisted maximally supersymmetric {Yang-Mills} theory},
	Volume = {2013},
	Year = {2013}}

@book{CollingwoodMcGovern,
	Author = {Collingwood, David H and McGovern, William M},
	Publisher = {CRC Press},
	Title = {Nilpotent orbits in semisimple Lie algebra: an introduction},
	Year = {1993}}

@article{AndersonLinander,
	Archiveprefix = {arXiv},
	Author = {Anderson, Louise and Linander, Hampus},
	Date-Modified = {2018-05-03 13:13:00 +0000},
	Eprint = {1311.3300},
	Journal = {Journal of High Energy Physics},
	Number = {3},
	Pages = {62},
	Primaryclass = {hep-th},
	Publisher = {Springer},
	Title = {The trouble with twisting {$(2,0)$} theory},
	Volume = {2014},
	Year = {2014}}

@article{GranLinanderNilsson,
	Archiveprefix = {arXiv},
	Author = {Gran, Ulf and Linander, Hampus and Nilsson, Bengt},
	Date-Modified = {2018-05-03 13:32:03 +0000},
	Eprint = {1406.4499},
	Journal = {Journal of High Energy Physics},
	Number = {11},
	Pages = {32},
	Primaryclass = {hep-th},
	Publisher = {Springer},
	Title = {Off-shell structure of twisted {$(2,0)$} theory},
	Volume = {2014},
	Year = {2014}}

@article{HyunParkPark,
	Archiveprefix = {arXiv},
	Author = {Hyun, Seungjoon and Park, Jaemo and Park, Jae-Suk},
	Date-Modified = {2018-05-03 13:33:29 +0000},
	Eprint = {hep-th/9503201},
	Journal = {Nuclear Physics B},
	Number = {1-2},
	Pages = {199--224},
	Primaryclass = {hep-th},
	Publisher = {Elsevier},
	Title = {Topological {QCD}},
	Volume = {453},
	Year = {1995}}

@article{AlvarezLabastida,
	Archiveprefix = {arXiv},
	Author = {Alvarez, Marcos and Labastida, Jos\'e},
	Date-Modified = {2018-05-03 13:13:47 +0000},
	Eprint = {hep-th/9404115},
	Journal = {Nuclear Physics B},
	Number = {2},
	Pages = {356--390},
	Primaryclass = {hep-th},
	Publisher = {Elsevier},
	Title = {Topological matter in four dimensions},
	Volume = {437},
	Year = {1995}}

@article{LabastidaMarino,
	Archiveprefix = {arXiv},
	Author = {Labastida, Jos\'e and {Mari\~no}, Marcos},
	Date-Modified = {2018-05-03 13:41:27 +0000},
	Eprint = {hep-th/9507140},
	Journal = {Nuclear Physics B},
	Number = {3},
	Pages = {633--668},
	Primaryclass = {hep-th},
	Publisher = {Elsevier},
	Title = {Polynomial invariants for {$\SU(2)$} monopoles},
	Volume = {456},
	Year = {1995}}

@article{ACMV,
	Archiveprefix = {arXiv},
	Author = {Aganagic, Mina and Costello, Kevin and McNamara, Jacob and Vafa, Cumrun},
	Date-Modified = {2018-05-03 13:09:41 +0000},
	Eprint = {1706.09977},
	Primaryclass = {hep-th},
	Title = {Topological {Chern-Simons}/Matter Theories},
	Year = {2017}}

@article{GaiottoWittenJanus,
	Archiveprefix = {arXiv},
	Author = {Gaiotto, Davide and Witten, Edward},
	Date-Modified = {2018-05-03 13:32:40 +0000},
	Eprint = {0804.2907},
	Journal = {Journal of High Energy Physics},
	Number = {6},
	Pages = {97},
	Primaryclass = {hep-th},
	Publisher = {Springer},
	Title = {Janus configurations, {Chern-Simons} couplings, and The {$\theta$}-Angle in {$\mc N=4$} super {Yang-Mills} theory},
	Volume = {2010},
	Year = {2010}}

@article{RozanskyWitten,
	Archiveprefix = {arXiv},
	Author = {Rozansky, Lev and Witten, Edward},
	Date-Modified = {2018-05-03 13:46:36 +0000},
	Eprint = {hep-th/9612216},
	Journal = {Selecta Mathematica},
	Number = {3},
	Pages = {401},
	Primaryclass = {hep-th},
	Publisher = {Springer},
	Title = {{Hyper-K\"ahler} geometry and invariants of three-manifolds},
	Volume = {3},
	Year = {1997}}

@article{KapustinChiraldR,
	Archiveprefix = {arXiv},
	Author = {Kapustin, Anton},
	Date-Modified = {2018-05-03 15:14:07 +0000},
	Eprint = {hep-th/0504074},
	Primaryclass = {hep-th},
	Title = {Chiral {de Rham} complex and the half-twisted sigma-model},
	Year = {2005}}

@article{GorbounovGwilliamWilliams,
	Archiveprefix = {arXiv},
	Author = {Gorbounov, Vassily and Gwilliam, Owen and Williams, Brian},
	Date-Modified = {2018-05-03 13:31:23 +0000},
	Eprint = {1610.09657},
	Primaryclass = {math.QA},
	Title = {Chiral differential operators via {Batalin-Vilkovisky} quantization},
	Year = {2016}}

@article{GradyGwilliam,
	Archiveprefix = {arXiv},
	Author = {Grady, Ryan and Gwilliam, Owen},
	Date-Modified = {2018-05-03 13:30:51 +0000},
	Eprint = {1110.3533},
	Journal = {Algebraic \& Geometric Topology},
	Number = {4},
	Pages = {2299--2377},
	Primaryclass = {math.QA},
	Publisher = {Mathematical Sciences Publishers},
	Title = {One-dimensional {Chern--Simons} theory and the {$\hat A$} genus},
	Volume = {14},
	Year = {2014}}

@article{Kac,
	Author = {Kac, Victor},
	Journal = {Advances in mathematics},
	Number = {1},
	Pages = {8--96},
	Publisher = {Elsevier},
	Title = {Lie superalgebras},
	Volume = {26},
	Year = {1977}}

@article{FernandezGarciaRodrigo,
	Author = {Fern{\'a}ndez, A. and Garc{\i}a, P. and Rodrigo, C.},
	Journal = {Journal of Geometry and Physics},
	Number = {1},
	Pages = {41--72},
	Publisher = {Elsevier},
	Title = {Stress--energy--momentum tensors in higher order variational calculus},
	Volume = {34},
	Year = {2000}}

@article{AyalaFrancis,
	Archiveprefix = {arXiv},
	Author = {Ayala, David and Francis, John},
	Date-Modified = {2018-05-03 13:08:45 +0000},
	Eprint = {1206.5522},
	Journal = {Journal of Topology},
	Number = {4},
	Pages = {1045--1084},
	Primaryclass = {math.AT},
	Publisher = {Oxford University Press},
	Title = {Factorization homology of topological manifolds},
	Volume = {8},
	Year = {2015}}

@inproceedings{KacSurvey,
	Archiveprefix = {arXiv},
	Author = {Kac, Victor},
	Booktitle = {Proceedings of the {I}nternational {C}ongress of {M}athematicians, {V}ol. {I} ({B}eijing, 2002)},
	Date-Modified = {2018-05-03 13:50:01 +0000},
	Eprint = {math-ph/0302016},
	Mrclass = {17B65 (17B67 17B68 17B69 81R10)},
	Mrnumber = {1989191},
	Mrreviewer = {Dra\v zen Adamovi\'c},
	Pages = {319--344},
	Primaryclass = {math-ph},
	Publisher = {Higher Ed. Press, Beijing},
	Title = {Classification of supersymmetries},
	Year = {2002}}

@article{SafronovAdditivity,
	Archiveprefix = {arXiv},
	Author = {Safronov, Pavel},
	Date-Modified = {2018-05-03 15:13:45 +0000},
	Eprint = {1611.09668},
	Primaryclass = {math.AG},
	Title = {Braces and {Poisson} additivity},
	Year = {2016}}

@book{CostelloBook,
	Author = {Costello, Kevin},
	Number = {170},
	Publisher = {American Mathematical Soc.},
	Title = {Renormalization and effective field theory},
	Year = {2011}}

@article{EguchiYang,
	Author = {Eguchi, Tohru and Yang, Sung-Kil},
	Journal = {Modern Physics Letters A},
	Number = {21},
	Pages = {1693--1701},
	Publisher = {World Scientific},
	Title = {{$\mc N= 2$} superconformal models as topological field theories},
	Volume = {5},
	Year = {1990}}

@article{ChiodaroliGunaydinRoiban,
	Archiveprefix = {arXiv},
	Author = {Chiodaroli, Marco and G{\"u}naydin, Murat and Roiban, Radu},
	Eprint = {1108.3085},
	Journal = {Journal of High Energy Physics},
	Number = {3},
	Pages = {93},
	Primaryclass = {hep-th},
	Publisher = {Springer},
	Title = {Superconformal symmetry and maximal supergravity in various dimensions},
	Volume = {2012},
	Year = {2012}}

@article{Hull1,
	Archiveprefix = {arXiv},
	Author = {Hull, Chris},
	Date-Modified = {2019-07-03 20:32:38 +0300},
	Eprint = {hep-th/0004195},
	Journal = {Nuclear Physics B},
	Number = {1-2},
	Pages = {237--259},
	Primaryclass = {hep-th},
	Publisher = {Elsevier},
	Title = {Strongly coupled gravity and duality},
	Volume = {583},
	Year = {2000}}

@article{Hull2,
	Archiveprefix = {arXiv},
	Author = {Hull, Chris},
	Eprint = {hep-th/0011215},
	Journal = {Journal of High Energy Physics},
	Number = {12},
	Pages = {007},
	Primaryclass = {hep-th},
	Publisher = {IOP Publishing},
	Title = {Symmetries and compactifications of {$(4, 0)$} conformal gravity},
	Volume = {2000},
	Year = {2001}}

@article{Borsten,
	Archiveprefix = {arXiv},
	Author = {Borsten, L.},
	Date-Modified = {2018-05-10 02:59:47 +0000},
	Eprint = {1708.02573},
	Journal = {Physical Review D},
	Number = {6},
	Pages = {066014},
	Primaryclass = {hep-th},
	Publisher = {APS},
	Title = {$D=6$, $\mathcal{N}=(2,0)$ and $\mathcal{N}=(4,0)$ theories},
	Volume = {97},
	Year = {2018}}

@incollection{WittenStringDynamics,
	Archiveprefix = {arXiv},
	Author = {Witten, Edward},
	Booktitle = {Strings '95 ({L}os {A}ngeles, {CA}, 1995)},
	Eprint = {hep-th/9507121},
	Mrclass = {81T30 (83E30)},
	Mrnumber = {1660736},
	Mrreviewer = {Claudio A. Scrucca},
	Pages = {501--523},
	Primaryclass = {hep-th},
	Publisher = {World Sci. Publ., River Edge, NJ},
	Title = {Some comments on string dynamics},
	Year = {1996}}

@book{ConwaySmith,
	Author = {Conway, John and Smith, Derek},
	Date-Modified = {2018-05-17 14:55:49 +0000},
	Isbn = {1-56881-134-9},
	Mrclass = {17A35 (16K20 51H99)},
	Mrnumber = {1957212},
	Mrreviewer = {Theo Grundh\"ofer},
	Pages = {xii+159},
	Publisher = {A K Peters Ltd., Natick, MA},
	Title = {On quaternions and octonions: their geometry, arithmetic, and symmetry},
	Year = {2003}}

@incollection{Bryant,
	Archiveprefix = {arXiv},
	Author = {Bryant, Robert L.},
	Booktitle = {Global analysis and harmonic analysis ({M}arseille-{L}uminy, 1999)},
	Eprint = {math/0004073},
	Mrclass = {53C27 (53C50)},
	Mrnumber = {1822355},
	Mrreviewer = {J. T. Davidov},
	Pages = {53--94},
	Primaryclass = {math.DG},
	Publisher = {Soc. Math. France, Paris},
	Series = {S\'emin. Congr.},
	Title = {Pseudo-{R}iemannian metrics with parallel spinor fields and vanishing {R}icci tensor},
	Volume = {4},
	Year = {2000}}

@article{Johansen,
	Archiveprefix = {arXiv},
	Author = {Johansen, A},
	Eprint = {hep-th/9403017},
	Journal = {International Journal of Modern Physics A},
	Number = {30},
	Pages = {4325--4357},
	Primaryclass = {hep-th},
	Publisher = {World Scientific},
	Title = {Twisting of {$\mc N= 1$} {SUSY} gauge theories and heterotic topological theories},
	Volume = {10},
	Year = {1995}}

@article{WittenYMDonaldson,
	Archiveprefix = {arXiv},
	Author = {Witten, Edward},
	Date-Modified = {2018-05-22 22:04:43 +0000},
	Doi = {10.1063/1.530745},
	Eprint = {hep-th/9403195},
	Fjournal = {Journal of Mathematical Physics},
	Issn = {0022-2488},
	Journal = {J. Math. Phys.},
	Mrclass = {57R57 (57N13 57R55 58D27 58D29 58E15 81T13 81T60)},
	Mrnumber = {1295460},
	Mrreviewer = {Matthias Blau},
	Note = {Topology and physics},
	Number = {10},
	Pages = {5101--5135},
	Primaryclass = {hep-th},
	Title = {Supersymmetric {Y}ang-{M}ills theory on a four-manifold},
	Volume = {35},
	Year = {1994},
	Bdsk-Url-1 = {https://doi.org/10.1063/1.530745}}

@article{BaulieuBossard,
	Archiveprefix = {arXiv},
	Author = {Baulieu, Laurent and Bossard, Guillaume},
	Eprint = {hep-th/0507004},
	Journal = {Physics Letters B},
	Number = {1},
	Pages = {138--144},
	Primaryclass = {hep-th},
	Publisher = {Elsevier},
	Title = {Reconstruction of {$\mc N= 1$} supersymmetry from topological symmetry},
	Volume = {632},
	Year = {2006}}

@article{BaulieuBellonReys,
	Author = {Baulieu, Laurent and Bellon, Marc and Reys, Valentin},
	Doi = {10.1016/j.nuclphysb.2012.10.007},
	Fjournal = {Nuclear Physics. B. Theoretical, Phenomenological, and Experimental High Energy Physics. Quantum Field Theory and Statistical Systems},
	Issn = {0550-3213},
	Journal = {Nuclear Phys. B},
	Mrclass = {81T60 (83E50)},
	Mrnumber = {2992786},
	Number = {2},
	Pages = {330--353},
	Title = {Twisted {$N=1,\ d=4$} supergravity and its symmetries},
	Url = {https://doi.org/10.1016/j.nuclphysb.2012.10.007},
	Volume = {867},
	Year = {2013},
	Bdsk-Url-1 = {https://doi.org/10.1016/j.nuclphysb.2012.10.007}}

@article{BrinkSchwarzScherk,
	Author = {Brink, Lars and Schwarz, John and Scherk, John},
	Doi = {10.1016/0550-3213(77)90328-5},
	Fjournal = {Nuclear Physics. B},
	Issn = {0550-3213},
	Journal = {Nuclear Phys. B},
	Mrclass = {81.53},
	Mrnumber = {0446217},
	Mrreviewer = {S. Deser},
	Number = {1},
	Pages = {77--92},
	Title = {Supersymmetric {Y}ang-{M}ills theories},
	Url = {https://doi.org/10.1016/0550-3213(77)90328-5},
	Volume = {121},
	Year = {1977},
	Bdsk-Url-1 = {https://doi.org/10.1016/0550-3213(77)90328-5}}

@mastersthesis{Guillen,
	Author = {Guillen, Max},
	School = {Instituto de F{\'\i}sica Te{\'o}rica Universidade Estadual Paulista},
	Title = {{$D=10$} Super {Y}ang-{M}ills, {$D=11$} Supergravity and the Pure Spinor Superfield Formalism},
	Year = {2016}}

@incollection{BaezHuerta,
	Archiveprefix = {arXiv},
	Author = {Baez, John and Huerta, John},
	Booktitle = {Superstrings, geometry, topology, and {$C^\ast$}-algebras},
	Date-Modified = {2019-07-04 12:22:31 +0300},
	Doi = {10.1090/pspum/081/2681758},
	Eprint = {0909.0551},
	Mrclass = {81T60 (17A35)},
	Mrnumber = {2681758},
	Mrreviewer = {Rutwig Campoamor-Stursberg},
	Pages = {65--80},
	Primaryclass = {hep-th},
	Publisher = {Amer. Math. Soc., Providence, RI},
	Series = {Proc. Sympos. Pure Math.},
	Title = {Division algebras and supersymmetry {I}},
	Volume = {81},
	Year = {2010},
	Bdsk-Url-1 = {https://doi.org/10.1090/pspum/081/2681758}}

@article{Schray,
	Archiveprefix = {arXiv},
	Author = {Schray, J\"{o}rg},
	Date-Modified = {2020-01-05 10:32:51 +0100},
	Doi = {10.1088/0264-9381/13/1/004},
	Eprint = {hep-th/9407045},
	Fjournal = {Classical and Quantum Gravity},
	Issn = {0264-9381},
	Journal = {Classical Quantum Gravity},
	Mrclass = {81R25 (81T30)},
	Mrnumber = {1371012},
	Mrreviewer = {Ingemar Bengtsson},
	Number = {1},
	Pages = {27--38},
	Title = {The general classical solution of the superparticle},
	Volume = {13},
	Year = {1996},
	Bdsk-Url-1 = {https://doi.org/10.1088/0264-9381/13/1/004}}

@article{WittenAntibracket,
	Author = {Witten, Edward},
	Journal = {Modern Physics Letters A},
	Number = {07},
	Pages = {487--494},
	Publisher = {World Scientific},
	Title = {A note on the antibracket formalism},
	Volume = {5},
	Year = {1990}}

@inproceedings{Simpson,
	Archiveprefix = {arXiv},
	Author = {Simpson, Carlos},
	Booktitle = {Proceedings of Symposia in Pure Mathematics},
	Date-Modified = {2020-02-13 20:17:41 -0800},
	Eprint = {alg-geom/9604005},
	Organization = {American Mathematical Society},
	Pages = {217--284},
	Title = {The {Hodge} filtration on nonabelian cohomology},
	Volume = {62},
	Year = {1997}}

@article{ElliottPestun,
	Archiveprefix = {arXiv},
	Author = {Elliott, Chris and Pestun, Vasily},
	Date-Modified = {2020-02-13 20:15:25 -0800},
	Eprint = {1812.05516},
	Issue = {64},
	Journal = {Selecta Mathematica},
	Primaryclass = {math.AG},
	Title = {Multiplicative {Hitchin} systems and supersymmetric gauge theory},
	Volume = {25},
	Year = {2019}}

@article{Butson,
	Author = {Butson, Dylan},
	Journal = {To appear},
	Title = {Omega Backgrounds and Boundary Theories in Twisted Supersymmetric Gauge Theories},
	Year = {2020}}

@article{BaulieuBV,
	Author = {Baulieu, Laurent and Bellon, Marc and Ouvry, St\'{e}phane and Wallet, Jean-Christophe},
	Date-Modified = {2020-02-13 20:11:13 -0800},
	Doi = {10.1016/0370-2693(90)90557-M},
	Fjournal = {Physics Letters. B. Particle Physics, Nuclear Physics and Cosmology},
	Issn = {0370-2693},
	Journal = {Phys. Lett. B},
	Mrclass = {81T60 (81T70)},
	Mrnumber = {1088432},
	Mrreviewer = {Marc Henneaux},
	Number = {3},
	Pages = {387--394},
	Title = {Batalin-{V}ilkovisky analysis of supersymmetric systems},
	Volume = {252},
	Year = {1990},
	Bdsk-Url-1 = {https://doi-org.ezproxy.neu.edu/10.1016/0370-2693(90)90557-M},
	Bdsk-Url-2 = {https://doi.org/10.1016/0370-2693(90)90557-M}}

@article{GSanomaly,
	Author = {Green, Michael B. and Schwarz, John H.},
	Date-Modified = {2020-02-13 20:12:36 -0800},
	Doi = {10.1016/0370-2693(84)91565-X},
	Fjournal = {Physics Letters. B. Particle Physics, Nuclear Physics and Cosmology},
	Issn = {0370-2693},
	Journal = {Phys. Lett. B},
	Mrclass = {81G20 (81E20 83E50)},
	Mrnumber = {771086},
	Number = {1-3},
	Pages = {117--122},
	Title = {Anomaly cancellations in supersymmetric {$D=10$} gauge theory and superstring theory},
	Volume = {149},
	Year = {1984},
	Bdsk-Url-1 = {https://doi-org.ezproxy.neu.edu/10.1016/0370-2693(84)91565-X},
	Bdsk-Url-2 = {https://doi.org/10.1016/0370-2693(84)91565-X}}

@article{EWY,
	Archiveprefix = {arXiv},
	Author = {Elliott, Chris and Williams, Brian and Yoo, Philsang},
	Date-Modified = {2020-02-13 20:09:33 -0800},
	Doi = {10.1016/j.geomphys.2017.08.009},
	Eprint = {1702.05973},
	Fjournal = {Journal of Geometry and Physics},
	Issn = {0393-0440},
	Journal = {J. Geom. Phys.},
	Mrclass = {81T13 (53D50)},
	Mrnumber = {3724786},
	Pages = {246--283},
	Primaryclass = {math-ph},
	Title = {Asymptotic freedom in the {BV} formalism},
	Volume = {123},
	Year = {2018},
	Bdsk-Url-1 = {https://doi.org/10.1016/j.geomphys.2017.08.009}}

@article{BWhol,
	Archiveprefix = {arXiv},
	Author = {Williams, Brian R},
	Date-Modified = {2020-02-13 20:05:14 -0800},
	Eprint = {1809.02661},
	Primaryclass = {math-ph},
	Title = {Renormalization for holomorphic field theories},
	Year = {2018}}

@article{BCOV1,
	Archiveprefix = {arXiv},
	Author = {Costello, Kevin and Li, Si},
	Date-Modified = {2020-02-13 20:10:15 -0800},
	Eprint = {1505.06703},
	Primaryclass = {hep-th},
	Title = {Quantization of open-closed {BCOV} theory, {I}},
	Year = {2015}}

@article{LiFeynman,
	Archiveprefix = {arXiv},
	Author = {Li, Si},
	Date-Modified = {2020-02-13 20:13:51 -0800},
	Doi = {10.4310/CNTP.2012.v6.n1.a3},
	Eprint = {1112.4015},
	Fjournal = {Communications in Number Theory and Physics},
	Issn = {1931-4523},
	Journal = {Commun. Number Theory Phys.},
	Mrclass = {81Q30 (11F03 11F37)},
	Mrnumber = {2955933},
	Mrreviewer = {Domenico Fiorenza},
	Number = {1},
	Pages = {129--157},
	Primaryclass = {math.NT},
	Title = {Feynman graph integrals and almost modular forms},
	Volume = {6},
	Year = {2012},
	Bdsk-Url-1 = {https://doi.org/10.4310/CNTP.2012.v6.n1.a3}}

@article{LiVertex,
	Archiveprefix = {arXiv},
	Author = {Li, Si},
	Date-Modified = {2020-02-13 20:06:57 -0800},
	Eprint = {1612.01292},
	Primaryclass = {math.QA},
	Title = {Vertex algebras and quantum master equation},
	Year = {2016}}

@article{Kontsevich,
	Archiveprefix = {arXiv},
	Author = {Kontsevich, Maxim},
	Date-Modified = {2020-02-13 20:16:50 -0800},
	Eprint = {math/9904055},
	Journal = {Letters in Mathematical Physics},
	Number = {1},
	Pages = {35--72},
	Primaryclass = {math.QA},
	Publisher = {Springer},
	Title = {Operads and motives in deformation quantization},
	Volume = {48},
	Year = {1999}}

@article{GetzlerBracket,
	Archiveprefix = {arXiv},
	Author = {Getzler, Ezra},
	Date-Modified = {2020-02-13 20:08:50 -0800},
	Doi = {10.1215/S0012-7094-02-11136-3},
	Eprint = {math/0002164},
	Fjournal = {Duke Mathematical Journal},
	Issn = {0012-7094},
	Journal = {Duke Math. J.},
	Mrclass = {32G34 (37K05 55P62)},
	Mrnumber = {1885831},
	Mrreviewer = {Olivier G. Schiffmann},
	Number = {3},
	Pages = {535--560},
	Title = {A {D}arboux theorem for {H}amiltonian operators in the formal calculus of variations},
	Volume = {111},
	Year = {2002},
	Bdsk-Url-1 = {https://doi.org/10.1215/S0012-7094-02-11136-3}}

@article{Soloviev,
	Archiveprefix = {arXiv},
	Author = {Soloviev, Vladimir O.},
	Date-Modified = {2020-02-13 20:05:46 -0800},
	Doi = {10.1063/1.530280},
	Eprint = {hep-th/9305133},
	Fjournal = {Journal of Mathematical Physics},
	Issn = {0022-2488},
	Journal = {J. Math. Phys.},
	Mrclass = {58F05},
	Mrnumber = {1246246},
	Number = {12},
	Pages = {5747--5769},
	Title = {Boundary values as {H}amiltonian variables. {I}. {N}ew {P}oisson brackets},
	Volume = {34},
	Year = {1993},
	Bdsk-Url-1 = {https://doi.org/10.1063/1.530280}}

@article{WittenCDO,
	Archiveprefix = {arXiv},
	Author = {Witten, Edward},
	Date-Modified = {2020-02-13 20:04:04 -0800},
	Eprint = {hep-th/0504078},
	Fjournal = {Advances in Theoretical and Mathematical Physics},
	Issn = {1095-0761},
	Journal = {Adv. Theor. Math. Phys.},
	Mrclass = {17B69 (17B81 81T40 81T60)},
	Mrnumber = {2320663},
	Mrreviewer = {Eric R. Sharpe},
	Number = {1},
	Pages = {1--63},
	Title = {Two-dimensional models with {$(0,2)$} supersymmetry: perturbative aspects},
	Volume = {11},
	Year = {2007},
	Bdsk-Url-1 = {http://projecteuclid.org/euclid.atmp/1183728967}}

@article{GwilliamWilliamsKM,
	Archiveprefix = {arXiv},
	Author = {Gwilliam, Owen and Williams, Brian R},
	Date-Modified = {2020-02-13 20:12:29 -0800},
	Eprint = {1810.06534},
	Primaryclass = {math.QA},
	Title = {Higher Kac-Moody algebras and symmetries of holomorphic field theories},
	Year = {2018}}

@article{AxelrodSinger,
	Archiveprefix = {arXiv},
	Author = {Axelrod, Scott and Singer, I. M.},
	Date-Modified = {2020-02-13 20:10:53 -0800},
	Eprint = {hep-th/9304087},
	Fjournal = {Journal of Differential Geometry},
	Issn = {0022-040X},
	Journal = {J. Differential Geom.},
	Mrclass = {58G26 (57R20 81T18 81T60)},
	Mrnumber = {1258919},
	Mrreviewer = {Steven Rosenberg},
	Number = {1},
	Pages = {173--213},
	Title = {Chern-{S}imons perturbation theory. {II}},
	Volume = {39},
	Year = {1994},
	Bdsk-Url-1 = {http://projecteuclid.org/euclid.jdg/1214454681}}

@article{Schwarz,
	Archiveprefix = {arXiv},
	Author = {Schwarz, Albert},
	Date-Modified = {2020-02-13 20:06:21 -0800},
	Eprint = {hep-th/9210115},
	Fjournal = {Comm. Math. Phys.},
	Issn = {0010-3616},
	Journal = {Comm. Math. Phys.},
	Mrclass = {58F06 (58A50 81Q20 81T70)},
	Mrnumber = {1249600},
	Mrreviewer = {Kelly Jay Davis},
	Number = {2},
	Pages = {373--396},
	Title = {Semiclassical approximation in {B}atalin-{V}ilkovisky formalism},
	Volume = {158},
	Year = {1993},
	Bdsk-Url-1 = {http://projecteuclid.org/euclid.cmp/1104254246}}
	
@article {NekrasovSW,
    AUTHOR = {Nekrasov, Nikita A.},
     TITLE = {Seiberg-{W}itten prepotential from instanton counting},
   JOURNAL = {Adv. Theor. Math. Phys.},
  FJOURNAL = {Advances in Theoretical and Mathematical Physics},
    VOLUME = {7},
      YEAR = {2003},
    NUMBER = {5},
     PAGES = {831--864},
      ISSN = {1095-0761},
   MRCLASS = {53D20 (81T13 81T45 81T60)},
  MRNUMBER = {2045303},
MRREVIEWER = {Marcos Mari\~{n}o},
       URL = {http://projecteuclid.org/euclid.atmp/1111510432},
}

@phdthesis{NekrasovThesis,
  title={Four dimensional holomorphic theories},
  author={Nekrasov, Nikita},
  year={1996},
  school={Princeton University},
  note = {\url{http://media.scgp.stonybrook.edu/papers/prdiss96.pdf}},
}

@article{CostelloOmega,
  title={M-theory in the {$\Omega$}-background and 5-dimensional non-commutative gauge theory},
  author={Costello, Kevin},
  journal={arXiv preprint arXiv:1610.04144},
  year={2016}
}
