@book{CDF,
  title={Supergravity and superstrings},
  author={Castellani, Leonardo and D'Auria, Riccardo and Fr{\'e}, Pietro},
  year={1991},
  publisher={World Scientific}
}

@article{DF,
  title={Geometric supergravity in {$D=11$} and its hidden supergroup},
  author={D'Auria, Riccardo and Fr{\'e}, Pietro},
  journal={Nuclear Physics B},
  volume={201},
  number={1},
  pages={101--140},
  year={1982},
  publisher={Elsevier}
}

@article{FSS,
  title={Super Lie {$n$}-algebra extensions, higher {WZW} models, and super {$p$}-branes with tensor multiplet fields},
  author={Fiorenza, Domenico and Sati, Hisham and Schreiber, Urs},
  journal={arXiv preprint arXiv:1308.5264},
  year={2013}
}

@article{FreGrassi,
  title={Free differential algebras, rheonomy, and pure spinors},
  author={Fr{\'e}, Pietro and Grassi, Pietro Antonio},
  journal={arXiv preprint arXiv:0801.3076},
  year={2008}
}

@incollection{SSS,
  title={{$L_\infty$}-algebra connections and applications to {S}tring- and {C}hern-{S}imons {$n$}-transport},
  author={Sati, Hisham and Schreiber, Urs and Stasheff, Jim},
  year={2009},
  booktitle={Quantum Field Theory},
  publisher={Birkh{\"a}user},
  pages={303-424}
}

@article{CJS,
  title={Supergravity theory in 11 dimensions},
  author={Cremmer, Eugene and Julia, Bernard and Scherk, Joel},
  journal={Physics Letters B},
  volume={76},
  number={4},
  pages={409--412},
  year={1978},
  publisher={Elsevier}
}

@article{Schreiber,
  title={Differential cohomology in a cohesive infinity-topos},
  author={Schreiber, Urs},
  journal={arXiv preprint arXiv:1310.7930},
  year={2013}
}

@article{Cederwall1,
  title={Towards a manifestly supersymmetric action for 11-dimensional supergravity},
  author={Cederwall, Martin},
  journal={Journal of High Energy Physics},
  volume={2010},
  number={1},
  pages={1--19},
  year={2010},
  publisher={Springer}
}

@article{Cederwall2,
  title={{$D=11$} supergravity with manifest supersymmetry},
  author={Cederwall, Martin},
  journal={Modern Physics Letters A},
  volume={25},
  number={38},
  pages={3201--3212},
  year={2010},
  publisher={World Scientific}
}

@article{BudinichTrautman,
  title={Fock space description of simple spinors},
  author={Budinich, Paolo and Trautman, Andrzej},
  journal={Journal of Mathematical Physics},
  volume={30},
  number={9},
  pages={2125--2131},
  year={1989},
  publisher={AIP Publishing}
}

@book{Chevalley,
  title={The Algebraic Theory of Spinors and Clifford Algebras: Collected Works},
  author={Chevalley, Claude},
  volume={2},
  year={1995},
  publisher={Springer}
}

@phdthesis{Charlton,
  title={The geometry of pure spinors, with applications},
  author={Charlton, Philip},
  year={1997},
  school={University of Newcastle}
}

@book{Huybrechts,
  title={Complex geometry: an introduction},
  author={Huybrechts, Daniel},
  year={2006},
  publisher={Springer}
}

@article{Igusa,
  title={A classification of spinors up to dimension twelve},
  author={Igusa, Jun-ichi},
  journal={American Journal of Mathematics},
  pages={997--1028},
  year={1970},
  publisher={JSTOR}
}

@article{CostelloLi,
  title={Twisted supergravity and its quantization},
  author={Costello, Kevin and Li, Si},
  journal={arXiv preprint arXiv:1606.00365},
  year={2016}
}


  